<?xml version="1.0" encoding="UTF-8"?>
<!DOCTYPE html PUBLIC "-//W3C//DTD XHTML 1.0 Transitional//EN"
    "http://www.w3.org/TR/xhtml1/DTD/xhtml1-transitional.dtd">
<html xmlns="http://www.w3.org/1999/xhtml" xml:lang="en" lang="en">
 <head>
  <title>
</title>
<meta http-equiv="Content-Type" content="text/html;charset=utf-8" />
  <meta name='ocr-system' content='tesseract 3.04.00' />
  <meta name='ocr-capabilities' content='ocr_page ocr_carea ocr_par ocr_line ocrx_word'/>
</head>
<body>
  <div class='ocr_page' id='page_1' title='image "./delucianidialogo00kretuoft_0008.png"; bbox 0 0 2010 2675; ppageno 0'>
   <div class='ocr_carea' id='block_1_1' title="bbox 122 123 138 149">
    <p class='ocr_par' dir='ltr' id='par_1_1' title="bbox 122 123 138 149">
     <span class='ocr_line' id='line_1_1' title="bbox 122 123 138 149; baseline 0 0"><span class='ocrx_word' id='word_1_1' title='bbox 122 123 138 149; x_wconf 81' lang='lat'><strong>4</strong></span> 
     </span>
    </p>
   </div>
   <div class='ocr_carea' id='block_1_2' title="bbox 120 214 1924 2433">
    <p class='ocr_par' dir='ltr' id='par_1_2' title="bbox 121 214 1923 301">
     <span class='ocr_line' id='line_1_2' title="bbox 121 214 1923 259; baseline 0.001 -12"><span class='ocrx_word' id='word_1_2' title='bbox 121 215 321 247; x_wconf 87' lang='lat' dir='ltr'>subeundum</span> <span class='ocrx_word' id='word_1_3' title='bbox 353 226 416 247; x_wconf 87' lang='lat' dir='ltr'>non</span> <span class='ocrx_word' id='word_1_4' title='bbox 448 216 526 246; x_wconf 78' lang='lat' dir='ltr'>satis</span> <span class='ocrx_word' id='word_1_5' title='bbox 561 215 736 245; x_wconf 85' lang='lat' dir='ltr'>instructus</span> <span class='ocrx_word' id='word_1_6' title='bbox 767 215 825 246; x_wconf 88' lang='lat' dir='ltr'>sim</span> <span class='ocrx_word' id='word_1_7' title='bbox 857 225 979 253; x_wconf 88' lang='lat' dir='ltr'>vereor,</span> <span class='ocrx_word' id='word_1_8' title='bbox 1011 215 1119 246; x_wconf 88' lang='lat' dir='ltr'>conari</span> <span class='ocrx_word' id='word_1_9' title='bbox 1151 219 1257 246; x_wconf 86' lang='lat' dir='ltr'>tamen</span> <span class='ocrx_word' id='word_1_10' title='bbox 1287 215 1379 246; x_wconf 87' lang='lat' dir='ltr'>velim</span> <span class='ocrx_word' id='word_1_11' title='bbox 1409 214 1659 257; x_wconf 80' lang='lat' dir='ltr'>Guttentagium</span> <span class='ocrx_word' id='word_1_12' title='bbox 1693 227 1758 248; x_wconf 88' lang='lat' dir='ltr'>non</span> <span class='ocrx_word' id='word_1_13' title='bbox 1795 226 1923 259; x_wconf 84' lang='lat' dir='ltr'>semper</span> 
     </span>
     <span class='ocr_line' id='line_1_3' title="bbox 122 268 648 301; baseline -0.006 0"><span class='ocrx_word' id='word_1_14' title='bbox 122 272 208 301; x_wconf 81' lang='lat' dir='ltr'>recte</span> <span class='ocrx_word' id='word_1_15' title='bbox 235 268 394 300; x_wconf 82' lang='lat' dir='ltr'>iudicasse</span> <span class='ocrx_word' id='word_1_16' title='bbox 419 268 648 299; x_wconf 83' lang='lat' dir='ltr'>demonstrare.</span> 
     </span>
    </p>

    <p class='ocr_par' dir='ltr' id='par_1_3' title="bbox 121 320 1924 2167">
     <span class='ocr_line' id='line_1_4' title="bbox 281 320 1921 363; baseline -0.001 -10"><span class='ocrx_word' id='word_1_17' title='bbox 281 322 421 353; x_wconf 85' lang='lat' dir='ltr'>Primum</span> <span class='ocrx_word' id='word_1_18' title='bbox 454 321 580 362; x_wconf 85' lang='lat' dir='ltr'>quidem</span> <span class='ocrx_word' id='word_1_19' title='bbox 613 320 650 351; x_wconf 88' lang='lat' dir='ltr'>G.</span> <span class='ocrx_word' id='word_1_20' title='bbox 687 320 784 351; x_wconf 77' lang='lat' dir='ltr'>verba</span> <span class='ocrx_word' id='word_1_21' title='bbox 817 331 919 362; x_wconf 84' lang='lat' dir='ltr'>pauca</span> <span class='ocrx_word' id='word_1_22' title='bbox 958 320 996 351; x_wconf 86' lang='lat' dir='ltr'>de</span> <span class='ocrx_word' id='word_1_23' title='bbox 1027 321 1145 362; x_wconf 83' lang='lat' dir='ltr'>dialogi</span> <span class='ocrx_word' id='word_1_24' title='bbox 1179 324 1371 362; x_wconf 85' lang='lat' dir='ltr'>argumento</span> <span class='ocrx_word' id='word_1_25' title='bbox 1405 325 1436 352; x_wconf 89' lang='lat' dir='ltr'>et</span> <span class='ocrx_word' id='word_1_26' title='bbox 1470 321 1683 363; x_wconf 81' lang='lat' dir='ltr'>dispositione</span> <span class='ocrx_word' id='word_1_27' title='bbox 1716 321 1801 352; x_wconf 80' lang='lat' dir='ltr'>facit.</span> <span class='ocrx_word' id='word_1_28' title='bbox 1848 321 1921 352; x_wconf 63' lang='grc' dir='ltr'>ι111111</span> 
     </span>
     <span class='ocr_line' id='line_1_5' title="bbox 121 373 1921 417; baseline -0.001 -11"><span class='ocrx_word' id='word_1_29' title='bbox 121 386 194 417; x_wconf 85' lang='lat' dir='ltr'>pag.</span> <span class='ocrx_word' id='word_1_30' title='bbox 218 377 237 406; x_wconf 79' lang='lat'>2</span> <span class='ocrx_word' id='word_1_31' title='bbox 263 375 367 405; x_wconf 88' lang='lat' dir='ltr'>locum</span> <span class='ocrx_word' id='word_1_32' title='bbox 393 378 512 409; x_wconf 80' lang='lat' dir='ltr'>monet,</span> <span class='ocrx_word' id='word_1_33' title='bbox 538 384 599 414; x_wconf 88' lang='lat' dir='ltr'>qno</span> <span class='ocrx_word' id='word_1_34' title='bbox 626 374 814 414; x_wconf 76' lang='lat' dir='ltr'>scriptorem</span> <span class='ocrx_word' id='word_1_35' title='bbox 840 384 990 413; x_wconf 73' lang='lat' dir='ltr'>peccasse</span> <span class='ocrx_word' id='word_1_36' title='bbox 1014 373 1188 405; x_wconf 77' lang='lat' dir='ltr'>contendit.</span> <span class='ocrx_word' id='word_1_37' title='bbox 1234 373 1369 404; x_wconf 78' lang='lat' dir='ltr'>Toxaris</span> <span class='ocrx_word' id='word_1_38' title='bbox 1395 374 1489 414; x_wconf 83' lang='lat' dir='ltr'>enim,</span> <span class='ocrx_word' id='word_1_39' title='bbox 1514 377 1687 416; x_wconf 83' lang='lat' dir='ltr'>postquam</span> <span class='ocrx_word' id='word_1_40' title='bbox 1712 374 1921 406; x_wconf 81' lang='lat' dir='ltr'>disertissime</span> 
     </span>
     <span class='ocr_line' id='line_1_6' title="bbox 122 425 1921 470; baseline -0.001 -11"><span class='ocrx_word' id='word_1_41' title='bbox 122 429 280 470; x_wconf 78' lang='lat' dir='ltr'>exposuit,</span> <span class='ocrx_word' id='word_1_42' title='bbox 305 438 360 459; x_wconf 86' lang='lat' dir='ltr'>cnr</span> <span class='ocrx_word' id='word_1_43' title='bbox 385 432 417 458; x_wconf 84' lang='lat' dir='ltr'>ct</span> <span class='ocrx_word' id='word_1_44' title='bbox 443 438 506 468; x_wconf 87' lang='lat' dir='ltr'>qua</span> <span class='ocrx_word' id='word_1_45' title='bbox 530 427 653 457; x_wconf 83' lang='lat' dir='ltr'>ratione</span> <span class='ocrx_word' id='word_1_46' title='bbox 679 425 806 466; x_wconf 58' lang='lat' dir='ltr'>Scytha*</span> <span class='ocrx_word' id='word_1_47' title='bbox 822 426 969 458; x_wconf 83' lang='lat' dir='ltr'>Orestem</span> <span class='ocrx_word' id='word_1_48' title='bbox 996 431 1027 457; x_wconf 87' lang='lat' dir='ltr'>ct</span> <span class='ocrx_word' id='word_1_49' title='bbox 1046 426 1199 466; x_wconf 72' lang='lat' dir='ltr'>Pyladem</span> <span class='ocrx_word' id='word_1_50' title='bbox 1225 427 1376 464; x_wconf 83' lang='lat' dir='ltr'>colerent,</span> <span class='ocrx_word' id='word_1_51' title='bbox 1403 427 1555 469; x_wconf 81' lang='lat' dir='ltr'>proponit</span> <span class='ocrx_word' id='word_1_52' title='bbox 1571 427 1749 469; x_wconf 84' lang='lat' dir='ltr'>Mnesippo,</span> <span class='ocrx_word' id='word_1_53' title='bbox 1774 431 1811 458; x_wconf 93' lang='lat' dir='ltr'>ut</span> <span class='ocrx_word' id='word_1_54' title='bbox 1836 432 1921 459; x_wconf 89' lang='lat' dir='ltr'>uter-</span> 
     </span>
     <span class='ocr_line' id='line_1_7' title="bbox 122 479 1920 522; baseline 0 -10"><span class='ocrx_word' id='word_1_55' title='bbox 122 492 183 521; x_wconf 85' lang='lat' dir='ltr'>quc</span> <span class='ocrx_word' id='word_1_56' title='bbox 210 482 350 522; x_wconf 89' lang='lat' dir='ltr'>quinque</span> <span class='ocrx_word' id='word_1_57' title='bbox 376 481 463 522; x_wconf 77' lang='lat' dir='ltr'>paria</span> <span class='ocrx_word' id='word_1_58' title='bbox 480 479 654 510; x_wconf 81' lang='lat' dir='ltr'>amicorum</span> <span class='ocrx_word' id='word_1_59' title='bbox 680 490 745 510; x_wconf 73' lang='grc'><strong>5010</strong></span> <span class='ocrx_word' id='word_1_60' title='bbox 770 480 875 520; x_wconf 89' lang='lat' dir='ltr'>gentis</span> <span class='ocrx_word' id='word_1_61' title='bbox 891 480 1042 521; x_wconf 76' lang='lat' dir='ltr'>proferat,</span> <span class='ocrx_word' id='word_1_62' title='bbox 1068 482 1102 510; x_wconf 80' lang='lat' dir='ltr'>ut</span> <span class='ocrx_word' id='word_1_63' title='bbox 1119 479 1335 520; x_wconf 78' lang='lat' dir='ltr'>intellegatur,</span> <span class='ocrx_word' id='word_1_64' title='bbox 1363 484 1468 510; x_wconf 83' lang='lat' dir='ltr'>utrum</span> <span class='ocrx_word' id='word_1_65' title='bbox 1483 479 1567 521; x_wconf 84' lang='lat' dir='ltr'>apud</span> <span class='ocrx_word' id='word_1_66' title='bbox 1584 479 1720 520; x_wconf 73' lang='lat' dir='ltr'>Scythas</span> <span class='ocrx_word' id='word_1_67' title='bbox 1736 491 1774 511; x_wconf 89' lang='lat' dir='ltr'>an</span> <span class='ocrx_word' id='word_1_68' title='bbox 1792 481 1920 512; x_wconf 81' lang='lat' dir='ltr'>Graecos</span> 
     </span>
     <span class='ocr_line' id='line_1_8' title="bbox 122 531 1920 574; baseline -0.001 -9"><span class='ocrx_word' id='word_1_69' title='bbox 122 535 272 565; x_wconf 89' lang='lat' dir='ltr'>meliores</span> <span class='ocrx_word' id='word_1_70' title='bbox 305 534 395 564; x_wconf 89' lang='lat' dir='ltr'>amici</span> <span class='ocrx_word' id='word_1_71' title='bbox 426 533 641 573; x_wconf 73' lang='lat' dir='ltr'>reperiantur-3</span> <span class='ocrx_word' id='word_1_72' title='bbox 676 543 739 573; x_wconf 87' lang='lat' dir='ltr'>qno</span> <span class='ocrx_word' id='word_1_73' title='bbox 773 533 803 563; x_wconf 92' lang='lat' dir='ltr'>in</span> <span class='ocrx_word' id='word_1_74' title='bbox 835 533 1007 563; x_wconf 80' lang='lat' dir='ltr'>certamine</span> <span class='ocrx_word' id='word_1_75' title='bbox 1039 531 1176 572; x_wconf 75' lang='lat' dir='ltr'>Scythas</span> <span class='ocrx_word' id='word_1_76' title='bbox 1208 532 1326 563; x_wconf 64' lang='lat' dir='ltr'>Gra³cis</span> <span class='ocrx_word' id='word_1_77' title='bbox 1359 533 1542 574; x_wconf 85' lang='lat' dir='ltr'>superiores</span> <span class='ocrx_word' id='word_1_78' title='bbox 1575 535 1643 564; x_wconf 83' lang='lat' dir='ltr'>fore</span> <span class='ocrx_word' id='word_1_79' title='bbox 1674 532 1827 564; x_wconf 83' lang='lat' dir='ltr'>Toxaridi</span> <span class='ocrx_word' id='word_1_80' title='bbox 1856 533 1920 564; x_wconf 74' lang='lat' dir='ltr'>ium</span> 
     </span>
     <span class='ocr_line' id='line_1_9' title="bbox 121 584 1923 628; baseline -0.001 -10"><span class='ocrx_word' id='word_1_81' title='bbox 121 598 310 627; x_wconf 82' lang='lat' dir='ltr'>persuasum</span> <span class='ocrx_word' id='word_1_82' title='bbox 337 591 384 617; x_wconf 83' lang='lat' dir='ltr'>est</span> <span class='ocrx_word' id='word_1_83' title='bbox 408 587 463 624; x_wconf 77' lang='lat' dir='ltr'>ita,</span> <span class='ocrx_word' id='word_1_84' title='bbox 493 592 526 616; x_wconf 87' lang='lat' dir='ltr'>ut</span> <span class='ocrx_word' id='word_1_85' title='bbox 551 592 665 627; x_wconf 83' lang='lat' dir='ltr'>pergat</span> <span class='ocrx_word' id='word_1_86' title='bbox 690 584 830 626; x_wconf 67' lang='grc' dir='ltr'>ὁπότερος</span> <span class='ocrx_word' id='word_1_87' title='bbox 854 610 859 615; x_wconf 89' lang='grc'><strong>.</strong></span> <span class='ocrx_word' id='word_1_88' title='bbox 887 611 892 616; x_wconf 88' lang='grc'><strong>.</strong></span> <span class='ocrx_word' id='word_1_89' title='bbox 919 608 925 615; x_wconf 94' lang='grc'><strong>.</strong></span> <span class='ocrx_word' id='word_1_90' title='bbox 953 611 958 615; x_wconf 89' lang='grc'>.</span> <span class='ocrx_word' id='word_1_91' title='bbox 986 585 1120 625; x_wconf 45' lang='lat' dir='ltr'>&amp;caim-&gt;3</span> <span class='ocrx_word' id='word_1_92' title='bbox 1146 587 1336 627; x_wconf 59' lang='grc' dir='ltr'>παράσχηται</span> <span class='ocrx_word' id='word_1_93' title='bbox 1361 586 1427 619; x_wconf 70' lang='grc' dir='ltr'>τοὺς</span> <span class='ocrx_word' id='word_1_94' title='bbox 1451 586 1564 627; x_wconf 62' lang='grc' dir='ltr'>φίλους,</span> <span class='ocrx_word' id='word_1_95' title='bbox 1597 584 1685 620; x_wconf 58' lang='grc' dir='ltr'><strong>αὐτὸς</strong></span> <span class='ocrx_word' id='word_1_96' title='bbox 1713 597 1741 616; x_wconf 78' lang='grc' dir='ltr'>τε</span> <span class='ocrx_word' id='word_1_97' title='bbox 1764 588 1923 628; x_wconf 70' lang='grc' dir='ltr'>νενικηκὼς</span> 
     </span>
     <span class='ocr_line' id='line_1_10' title="bbox 123 637 1924 681; baseline -0.001 -10"><span class='ocrx_word' id='word_1_98' title='bbox 123 640 201 671; x_wconf 66' lang='grc' dir='ltr'>ἕποι’.</span> <span class='ocrx_word' id='word_1_99' title='bbox 232 641 283 670; x_wconf 69' lang='grc' dir='ltr'>καὶ</span> <span class='ocrx_word' id='word_1_100' title='bbox 316 642 364 681; x_wconf 70' lang='grc' dir='ltr'>τῂν</span> <span class='ocrx_word' id='word_1_101' title='bbox 398 637 486 669; x_wconf 62' lang='grc' dir='ltr'>αὐτοῦ</span> <span class='ocrx_word' id='word_1_102' title='bbox 519 638 702 679; x_wconf 69' lang='grc' dir='ltr'>ἀνακηρῦξει.</span> <span class='ocrx_word' id='word_1_103' title='bbox 737 639 891 668; x_wconf 66' lang='grc' dir='ltr'>κάὶ-λιπον</span> <span class='ocrx_word' id='word_1_104' title='bbox 924 638 1019 677; x_wconf 58' lang='grc' dir='ltr'>ἀγῶνα</span> <span class='ocrx_word' id='word_1_105' title='bbox 1044 640 1095 668; x_wconf 62' lang='lat' dir='ltr'>*mi</span> <span class='ocrx_word' id='word_1_106' title='bbox 1120 640 1291 678; x_wconf 48' lang='lat' dir='ltr'>esp-26:2³&amp;</span> <span class='ocrx_word' id='word_1_107' title='bbox 1317 637 1542 680; x_wconf 59' lang='lat' dir='ltr'>ci·s‹·›=at35.p.÷*tot,·</span> <span class='ocrx_word' id='word_1_108' title='bbox 1569 637 1608 673; x_wconf 68' lang='grc' dir='ltr'>ι’»ζ</span> <span class='ocrx_word' id='word_1_109' title='bbox 1633 638 1722 678; x_wconf 71' lang='grc' dir='ltr'>ἔγωγε</span> <span class='ocrx_word' id='word_1_110' title='bbox 1746 640 1819 669; x_wconf 73' lang='grc' dir='ltr'>πολὺ</span> <span class='ocrx_word' id='word_1_111' title='bbox 1842 638 1924 681; x_wconf 72' lang='grc' dir='ltr'>ἣδιον</span> 
     </span>
     <span class='ocr_line' id='line_1_11' title="bbox 123 689 1923 734; baseline -0.001 -11"><span class='ocrx_word' id='word_1_112' title='bbox 123 693 156 723; x_wconf 60' lang='grc' dir='ltr'>ὅ.)</span> <span class='ocrx_word' id='word_1_113' title='bbox 181 704 229 734; x_wconf 62' lang='grc' dir='ltr'>μοι</span> <span class='ocrx_word' id='word_1_114' title='bbox 253 693 332 723; x_wconf 72' lang='grc' dir='ltr'>δοκὼ</span> <span class='ocrx_word' id='word_1_115' title='bbox 357 697 535 734; x_wconf 66' lang='grc' dir='ltr'><strong>1).ονο11ν.χ1ὺν</strong></span> <span class='ocrx_word' id='word_1_116' title='bbox 559 691 697 733; x_wconf 60' lang='grc' dir='ltr'>ἡττηθεὶς</span> <span class='ocrx_word' id='word_1_117' title='bbox 722 691 930 733; x_wconf 59' lang='grc' dir='ltr'>ἀποτμηθῆναι</span> <span class='ocrx_word' id='word_1_118' title='bbox 954 694 1002 733; x_wconf 59' lang='grc' dir='ltr'>τὴν</span> <span class='ocrx_word' id='word_1_119' title='bbox 1027 691 1129 725; x_wconf 68' lang='grc' dir='ltr'>δεξιάν.</span> <span class='ocrx_word' id='word_1_120' title='bbox 1157 689 1227 730; x_wconf 66' lang='grc' dir='ltr'>ὅπερ</span> <span class='ocrx_word' id='word_1_121' title='bbox 1252 696 1304 732; x_wconf 55' lang='grc' dir='ltr'>τῆξ</span> <span class='ocrx_word' id='word_1_122' title='bbox 1330 690 1480 733; x_wconf 57' lang='grc' dir='ltr'>Σκυθικῆς</span> <span class='ocrx_word' id='word_1_123' title='bbox 1504 690 1642 732; x_wconf 72' lang='grc' dir='ltr'><strong>ἐπιτίμιόν</strong></span> <span class='ocrx_word' id='word_1_124' title='bbox 1667 691 1748 732; x_wconf 68' lang='grc' dir='ltr'>ἐστιν,</span> <span class='ocrx_word' id='word_1_125' title='bbox 1772 691 1791 733; x_wconf 80' lang='grc' dir='ltr'>ἢ</span> <span class='ocrx_word' id='word_1_126' title='bbox 1815 694 1923 734; x_wconf 73' lang='grc' dir='ltr'>χείρων</span> 
     </span>
     <span class='ocr_line' id='line_1_12' title="bbox 123 745 1920 788; baseline 0 -12"><span class='ocrx_word' id='word_1_127' title='bbox 123 747 214 777; x_wconf 53' lang='lat' dir='ltr'>&#39;Dalm</span> <span class='ocrx_word' id='word_1_128' title='bbox 239 747 314 776; x_wconf 64' lang='lat' dir='ltr'>med«.</span> <span class='ocrx_word' id='word_1_129' title='bbox 338 747 434 788; x_wconf 60' lang='grc' dir='ltr'>φιλίαν</span> <span class='ocrx_word' id='word_1_130' title='bbox 459 747 626 785; x_wconf 61' lang='grc' dir='ltr'>κεκρῐῡῦαι.</span> <span class='ocrx_word' id='word_1_131' title='bbox 673 745 722 775; x_wconf 89' lang='lat' dir='ltr'>Ad</span> <span class='ocrx_word' id='word_1_132' title='bbox 753 745 819 775; x_wconf 68' lang='grc'><strong>11110</strong></span> <span class='ocrx_word' id='word_1_133' title='bbox 845 746 881 776; x_wconf 85' lang='lat' dir='ltr'>G.</span> <span class='ocrx_word' id='word_1_134' title='bbox 907 745 1055 776; x_wconf 82' lang='lat' dir='ltr'>adnotat:</span> <span class='ocrx_word' id='word_1_135' title='bbox 1098 745 1238 782; x_wconf 82' lang='lat' dir='ltr'>„malle</span> <span class='ocrx_word' id='word_1_136' title='bbox 1263 755 1297 775; x_wconf 84' lang='lat' dir='ltr'>se</span> <span class='ocrx_word' id='word_1_137' title='bbox 1323 745 1422 785; x_wconf 88' lang='lat' dir='ltr'>igitur</span> <span class='ocrx_word' id='word_1_138' title='bbox 1452 745 1527 776; x_wconf 86' lang='lat' dir='ltr'>dicit</span> <span class='ocrx_word' id='word_1_139' title='bbox 1552 745 1724 784; x_wconf 29' lang='lat' dir='ltr'>(Toxavris)</span> <span class='ocrx_word' id='word_1_140' title='bbox 1747 745 1920 776; x_wconf 83' lang='lat' dir='ltr'>certamine</span> 
     </span>
     <span class='ocr_line' id='line_1_13' title="bbox 122 798 1920 841; baseline -0.002 -10"><span class='ocrx_word' id='word_1_141' title='bbox 122 801 273 841; x_wconf 80' lang='lat' dir='ltr'>singulari</span> <span class='ocrx_word' id='word_1_142' title='bbox 305 800 389 830; x_wconf 86' lang='lat' dir='ltr'>victo</span> <span class='ocrx_word' id='word_1_143' title='bbox 415 799 559 830; x_wconf 83' lang='lat' dir='ltr'>dextram</span> <span class='ocrx_word' id='word_1_144' title='bbox 585 799 753 840; x_wconf 75' lang='lat' dir='ltr'>amputari,</span> <span class='ocrx_word' id='word_1_145' title='bbox 785 809 900 839; x_wconf 83' lang='lat' dir='ltr'>qnam</span> <span class='ocrx_word' id='word_1_146' title='bbox 928 809 962 829; x_wconf 90' lang='lat' dir='ltr'>se</span> <span class='ocrx_word' id='word_1_147' title='bbox 987 799 1018 828; x_wconf 87' lang='lat' dir='ltr'>in</span> <span class='ocrx_word' id='word_1_148' title='bbox 1042 798 1179 828; x_wconf 81' lang='lat' dir='ltr'>amicitia</span> <span class='ocrx_word' id='word_1_149' title='bbox 1203 798 1266 828; x_wconf 84' lang='lat' dir='ltr'>alio</span> <span class='ocrx_word' id='word_1_150' title='bbox 1293 798 1437 829; x_wconf 82' lang='lat' dir='ltr'>viliorem</span> <span class='ocrx_word' id='word_1_151' title='bbox 1467 798 1609 836; x_wconf 78' lang='lat' dir='ltr'>iudicari,</span> <span class='ocrx_word' id='word_1_152' title='bbox 1643 809 1678 829; x_wconf 85' lang='lat' dir='ltr'>se</span> <span class='ocrx_word' id='word_1_153' title='bbox 1702 808 1777 829; x_wconf 82' lang='lat' dir='ltr'>vero</span> <span class='ocrx_word' id='word_1_154' title='bbox 1803 798 1920 829; x_wconf 87' lang='lat' dir='ltr'>victum</span> 
     </span>
     <span class='ocr_line' id='line_1_14' title="bbox 122 851 1922 894; baseline -0.001 -10"><span class='ocrx_word' id='word_1_155' title='bbox 122 864 154 884; x_wconf 88' lang='lat' dir='ltr'>re</span> <span class='ocrx_word' id='word_1_156' title='bbox 179 864 255 884; x_wconf 69' lang='lat' dir='ltr'>vera</span> <span class='ocrx_word' id='word_1_157' title='bbox 279 852 310 883; x_wconf 87' lang='lat' dir='ltr'>id</span> <span class='ocrx_word' id='word_1_158' title='bbox 334 853 401 894; x_wconf 84' lang='lat' dir='ltr'>pati</span> <span class='ocrx_word' id='word_1_159' title='bbox 425 852 507 882; x_wconf 75' lang='lat' dir='ltr'>velle</span> <span class='ocrx_word' id='word_1_160' title='bbox 532 862 594 882; x_wconf 88' lang='lat' dir='ltr'>non</span> <span class='ocrx_word' id='word_1_161' title='bbox 621 851 704 882; x_wconf 87' lang='lat' dir='ltr'>dicit.</span> <span class='ocrx_word' id='word_1_162' title='bbox 743 851 922 882; x_wconf 76' lang='lat' dir='ltr'>Mirandum</span> <span class='ocrx_word' id='word_1_163' title='bbox 943 857 1098 892; x_wconf 66' lang='lat' dir='ltr'>pra‘terea</span> <span class='ocrx_word' id='word_1_164' title='bbox 1123 856 1182 889; x_wconf 77' lang='lat' dir='ltr'>est,</span> <span class='ocrx_word' id='word_1_165' title='bbox 1208 851 1293 891; x_wconf 73' lang='grc'><strong>(1001</strong></span> <span class='ocrx_word' id='word_1_166' title='bbox 1320 851 1506 893; x_wconf 79' lang='lat' dir='ltr'>Mnesippus</span> <span class='ocrx_word' id='word_1_167' title='bbox 1532 856 1713 892; x_wconf 67' lang='grc' dir='ltr'>μονομαχεῖν</span> <span class='ocrx_word' id='word_1_168' title='bbox 1737 862 1825 889; x_wconf 78' lang='lat' dir='ltr'>voce,</span> <span class='ocrx_word' id='word_1_169' title='bbox 1851 861 1922 892; x_wconf 82' lang='lat' dir='ltr'>quae</span> 
     </span>
     <span class='ocr_line' id='line_1_15' title="bbox 123 904 1921 946; baseline -0.001 -9"><span class='ocrx_word' id='word_1_170' title='bbox 123 908 161 939; x_wconf 87' lang='lat' dir='ltr'>de</span> <span class='ocrx_word' id='word_1_171' title='bbox 178 908 224 938; x_wconf 88' lang='lat' dir='ltr'>eis</span> <span class='ocrx_word' id='word_1_172' title='bbox 240 909 363 937; x_wconf 80' lang='lat' dir='ltr'>tantum</span> <span class='ocrx_word' id='word_1_173' title='bbox 379 910 560 944; x_wconf 55' lang='lat' dir='ltr'>usurpatum</span> <span class='ocrx_word' id='word_1_174' title='bbox 586 905 639 945; x_wconf 85' lang='lat' dir='ltr'>qui</span> <span class='ocrx_word' id='word_1_175' title='bbox 656 906 687 935; x_wconf 93' lang='lat' dir='ltr'>in</span> <span class='ocrx_word' id='word_1_176' title='bbox 705 905 859 945; x_wconf 79' lang='lat' dir='ltr'>singulari</span> <span class='ocrx_word' id='word_1_177' title='bbox 877 914 985 945; x_wconf 81' lang='lat' dir='ltr'>pugna</span> <span class='ocrx_word' id='word_1_178' title='bbox 1002 904 1095 934; x_wconf 85' lang='lat' dir='ltr'>armis</span> <span class='ocrx_word' id='word_1_179' title='bbox 1113 904 1319 941; x_wconf 76' lang='lat' dir='ltr'>contendunt,</span> <span class='ocrx_word' id='word_1_180' title='bbox 1345 905 1547 946; x_wconf 86' lang='lat' dir='ltr'>propositum</span> <span class='ocrx_word' id='word_1_181' title='bbox 1567 905 1606 936; x_wconf 89' lang='lat' dir='ltr'>de</span> <span class='ocrx_word' id='word_1_182' title='bbox 1624 905 1734 936; x_wconf 82' lang='lat' dir='ltr'>amieis</span> <span class='ocrx_word' id='word_1_183' title='bbox 1752 905 1921 945; x_wconf 87' lang='lat' dir='ltr'>utriusque</span> 
     </span>
     <span class='ocr_line' id='line_1_16' title="bbox 123 957 1922 1000; baseline -0.001 -10"><span class='ocrx_word' id='word_1_184' title='bbox 123 960 227 999; x_wconf 76' lang='lat' dir='ltr'>gentis</span> <span class='ocrx_word' id='word_1_185' title='bbox 252 963 412 990; x_wconf 81' lang='lat' dir='ltr'>certamen</span> <span class='ocrx_word' id='word_1_186' title='bbox 438 958 609 998; x_wconf 84' lang='lat' dir='ltr'>significari</span> <span class='ocrx_word' id='word_1_187' title='bbox 633 958 822 998; x_wconf 73' lang='lat' dir='ltr'>intellegit.“</span> <span class='ocrx_word' id='word_1_188' title='bbox 859 958 906 988; x_wconf 75' lang='lat' dir='ltr'>Re</span> <span class='ocrx_word' id='word_1_189' title='bbox 923 968 998 988; x_wconf 81' lang='lat' dir='ltr'>vcra</span> <span class='ocrx_word' id='word_1_190' title='bbox 1022 957 1127 988; x_wconf 80' lang='lat' dir='ltr'>elucet</span> <span class='ocrx_word' id='word_1_191' title='bbox 1153 968 1219 997; x_wconf 83' lang='lat' dir='ltr'>cap.</span> <span class='ocrx_word' id='word_1_192' title='bbox 1238 960 1272 988; x_wconf 87' lang='lat'>11</span> <span class='ocrx_word' id='word_1_193' title='bbox 1298 957 1500 1000; x_wconf 82' lang='lat' dir='ltr'>Mnesippum</span> <span class='ocrx_word' id='word_1_194' title='bbox 1517 964 1630 999; x_wconf 86' lang='lat' dir='ltr'>putare</span> <span class='ocrx_word' id='word_1_195' title='bbox 1649 957 1801 989; x_wconf 78' lang='lat' dir='ltr'>Toxarim</span> <span class='ocrx_word' id='word_1_196' title='bbox 1815 957 1922 989; x_wconf 80' lang='lat' dir='ltr'>verbis</span> 
     </span>
     <span class='ocr_line' id='line_1_17' title="bbox 123 1010 1921 1053; baseline -0.001 -10"><span class='ocrx_word' id='word_1_197' title='bbox 123 1014 188 1044; x_wconf 85' lang='lat' dir='ltr'>suis</span> <span class='ocrx_word' id='word_1_198' title='bbox 213 1012 374 1043; x_wconf 85' lang='lat' dir='ltr'>declarare</span> <span class='ocrx_word' id='word_1_199' title='bbox 398 1021 433 1041; x_wconf 89' lang='grc'>50</span> <span class='ocrx_word' id='word_1_200' title='bbox 457 1011 633 1041; x_wconf 75' lang='lat' dir='ltr'>certamine</span> <span class='ocrx_word' id='word_1_201' title='bbox 659 1010 699 1041; x_wconf 88' lang='lat' dir='ltr'>de</span> <span class='ocrx_word' id='word_1_202' title='bbox 723 1011 830 1041; x_wconf 83' lang='lat' dir='ltr'>amicis</span> <span class='ocrx_word' id='word_1_203' title='bbox 856 1011 1026 1050; x_wconf 82' lang='lat' dir='ltr'>utriusque</span> <span class='ocrx_word' id='word_1_204' title='bbox 1050 1010 1155 1051; x_wconf 87' lang='lat' dir='ltr'>gentis</span> <span class='ocrx_word' id='word_1_205' title='bbox 1179 1011 1345 1052; x_wconf 87' lang='lat' dir='ltr'>proposito</span> <span class='ocrx_word' id='word_1_206' title='bbox 1367 1011 1485 1041; x_wconf 85' lang='lat' dir='ltr'>victum</span> <span class='ocrx_word' id='word_1_207' title='bbox 1509 1011 1654 1042; x_wconf 81' lang='lat' dir='ltr'>dextram</span> <span class='ocrx_word' id='word_1_208' title='bbox 1678 1010 1737 1042; x_wconf 85' lang='lat' dir='ltr'>sibi</span> <span class='ocrx_word' id='word_1_209' title='bbox 1761 1011 1921 1053; x_wconf 80' lang='lat' dir='ltr'>amputari</span> 
     </span>
     <span class='ocr_line' id='line_1_18' title="bbox 122 1063 1921 1108; baseline -0.001 -12"><span class='ocrx_word' id='word_1_210' title='bbox 122 1076 289 1108; x_wconf 83' lang='lat' dir='ltr'>passurum</span> <span class='ocrx_word' id='word_1_211' title='bbox 315 1075 395 1095; x_wconf 87' lang='lat' dir='ltr'>esse.</span> <span class='ocrx_word' id='word_1_212' title='bbox 436 1064 550 1104; x_wconf 86' lang='lat' dir='ltr'>Itaque</span> <span class='ocrx_word' id='word_1_213' title='bbox 575 1063 810 1094; x_wconf 85' lang='lat' dir='ltr'>concedendum</span> <span class='ocrx_word' id='word_1_214' title='bbox 836 1070 885 1094; x_wconf 87' lang='lat' dir='ltr'>est</span> <span class='ocrx_word' id='word_1_215' title='bbox 904 1063 941 1093; x_wconf 87' lang='lat' dir='ltr'>G.</span> <span class='ocrx_word' id='word_1_216' title='bbox 967 1063 1025 1093; x_wconf 78' lang='lat' dir='ltr'>hoc</span> <span class='ocrx_word' id='word_1_217' title='bbox 1050 1074 1110 1094; x_wconf 93' lang='lat' dir='ltr'>non</span> <span class='ocrx_word' id='word_1_218' title='bbox 1135 1064 1254 1094; x_wconf 88' lang='lat' dir='ltr'>iniuste</span> <span class='ocrx_word' id='word_1_219' title='bbox 1279 1064 1470 1105; x_wconf 82' lang='lat' dir='ltr'>vituperare.</span> <span class='ocrx_word' id='word_1_220' title='bbox 1511 1063 1573 1094; x_wconf 84' lang='lat' dir='ltr'>Sed</span> <span class='ocrx_word' id='word_1_221' title='bbox 1599 1065 1696 1094; x_wconf 82' lang='lat' dir='ltr'>etiam</span> <span class='ocrx_word' id='word_1_222' title='bbox 1721 1063 1793 1094; x_wconf 90' lang='lat' dir='ltr'>inde</span> <span class='ocrx_word' id='word_1_223' title='bbox 1816 1063 1921 1094; x_wconf 88' lang='lat' dir='ltr'>elucet</span> 
     </span>
     <span class='ocr_line' id='line_1_19' title="bbox 124 1116 1922 1159; baseline -0.002 -10"><span class='ocrx_word' id='word_1_224' title='bbox 124 1130 216 1159; x_wconf 88' lang='lat' dir='ltr'>quam</span> <span class='ocrx_word' id='word_1_225' title='bbox 243 1118 406 1149; x_wconf 85' lang='lat' dir='ltr'>subtiliter</span> <span class='ocrx_word' id='word_1_226' title='bbox 429 1118 458 1148; x_wconf 88' lang='grc'>10</span> <span class='ocrx_word' id='word_1_227' title='bbox 485 1117 671 1157; x_wconf 86' lang='lat' dir='ltr'>scriptorem</span> <span class='ocrx_word' id='word_1_228' title='bbox 696 1117 849 1157; x_wconf 83' lang='lat' dir='ltr'>inquirat.</span> <span class='ocrx_word' id='word_1_229' title='bbox 884 1116 1024 1146; x_wconf 86' lang='lat' dir='ltr'>Primum</span> <span class='ocrx_word' id='word_1_230' title='bbox 1051 1117 1177 1157; x_wconf 87' lang='lat' dir='ltr'>quidem</span> <span class='ocrx_word' id='word_1_231' title='bbox 1202 1128 1265 1148; x_wconf 90' lang='lat' dir='ltr'>non</span> <span class='ocrx_word' id='word_1_232' title='bbox 1290 1118 1406 1148; x_wconf 83' lang='lat' dir='ltr'>afferre</span> <span class='ocrx_word' id='word_1_233' title='bbox 1431 1118 1600 1158; x_wconf 79' lang='lat' dir='ltr'>neglegam</span> <span class='ocrx_word' id='word_1_234' title='bbox 1626 1128 1698 1148; x_wconf 88' lang='lat' dir='ltr'>eum</span> <span class='ocrx_word' id='word_1_235' title='bbox 1722 1118 1774 1148; x_wconf 80' lang='lat' dir='ltr'>vix</span> <span class='ocrx_word' id='word_1_236' title='bbox 1798 1118 1866 1148; x_wconf 84' lang='lat' dir='ltr'>iure</span> <span class='ocrx_word' id='word_1_237' title='bbox 1889 1117 1922 1147; x_wconf 92' lang='lat' dir='ltr'>in</span> 
     </span>
     <span class='ocr_line' id='line_1_20' title="bbox 122 1170 1922 1212; baseline -0.002 -8"><span class='ocrx_word' id='word_1_238' title='bbox 122 1174 304 1204; x_wconf 84' lang='lat' dir='ltr'>universum</span> <span class='ocrx_word' id='word_1_239' title='bbox 330 1171 435 1202; x_wconf 88' lang='lat' dir='ltr'>(licere</span> <span class='ocrx_word' id='word_1_240' title='bbox 460 1181 571 1201; x_wconf 85' lang='lat' dir='ltr'>vocem</span> <span class='ocrx_word' id='word_1_241' title='bbox 596 1174 776 1210; x_wconf 54' lang='grc' dir='ltr'>μονομαχεῖν</span> <span class='ocrx_word' id='word_1_242' title='bbox 801 1170 840 1200; x_wconf 85' lang='grc'>(10</span> <span class='ocrx_word' id='word_1_243' title='bbox 865 1171 911 1201; x_wconf 81' lang='lat' dir='ltr'>eis</span> <span class='ocrx_word' id='word_1_244' title='bbox 938 1175 1061 1201; x_wconf 85' lang='lat' dir='ltr'>tantum</span> <span class='ocrx_word' id='word_1_245' title='bbox 1087 1170 1240 1212; x_wconf 74' lang='lat' dir='ltr'>usurpari⁷</span> <span class='ocrx_word' id='word_1_246' title='bbox 1268 1171 1322 1210; x_wconf 86' lang='lat' dir='ltr'>qui</span> <span class='ocrx_word' id='word_1_247' title='bbox 1346 1171 1375 1201; x_wconf 89' lang='lat' dir='ltr'>in</span> <span class='ocrx_word' id='word_1_248' title='bbox 1401 1171 1553 1211; x_wconf 80' lang='lat' dir='ltr'>singulari</span> <span class='ocrx_word' id='word_1_249' title='bbox 1585 1181 1694 1212; x_wconf 84' lang='lat' dir='ltr'>pugna</span> <span class='ocrx_word' id='word_1_250' title='bbox 1724 1170 1818 1201; x_wconf 87' lang='lat' dir='ltr'>armis</span> <span class='ocrx_word' id='word_1_251' title='bbox 1847 1180 1922 1200; x_wconf 83' lang='lat' dir='ltr'>con·</span> 
     </span>
     <span class='ocr_line' id='line_1_21' title="bbox 122 1222 1921 1265; baseline -0.002 -8"><span class='ocrx_word' id='word_1_252' title='bbox 122 1226 255 1257; x_wconf 86' lang='lat' dir='ltr'>tendant</span> <span class='ocrx_word' id='word_1_253' title='bbox 286 1235 391 1265; x_wconf 87' lang='lat' dir='ltr'>neque</span> <span class='ocrx_word' id='word_1_254' title='bbox 423 1224 480 1254; x_wconf 83' lang='lat' dir='ltr'>hac</span> <span class='ocrx_word' id='word_1_255' title='bbox 506 1233 585 1254; x_wconf 82' lang='lat' dir='ltr'>voce</span> <span class='ocrx_word' id='word_1_256' title='bbox 614 1223 885 1253; x_wconf 76' lang='lat' dir='ltr'>concertationem</span> <span class='ocrx_word' id='word_1_257' title='bbox 910 1222 1078 1253; x_wconf 82' lang='lat' dir='ltr'>verborum</span> <span class='ocrx_word' id='word_1_258' title='bbox 1108 1224 1281 1263; x_wconf 81' lang='lat' dir='ltr'>significari</span> <span class='ocrx_word' id='word_1_259' title='bbox 1312 1234 1420 1264; x_wconf 90' lang='lat' dir='ltr'>posse.</span> <span class='ocrx_word' id='word_1_260' title='bbox 1468 1224 1546 1254; x_wconf 84' lang='lat' dir='ltr'>Nam</span> <span class='ocrx_word' id='word_1_261' title='bbox 1578 1223 1659 1254; x_wconf 86' lang='lat' dir='ltr'>hanc</span> <span class='ocrx_word' id='word_1_262' title='bbox 1690 1224 1793 1265; x_wconf 82' lang='lat' dir='ltr'>ipsam</span> <span class='ocrx_word' id='word_1_263' title='bbox 1823 1223 1921 1264; x_wconf 85' lang='lat' dir='ltr'>signi-</span> 
     </span>
     <span class='ocr_line' id='line_1_22' title="bbox 121 1275 1921 1318; baseline -0.002 -8"><span class='ocrx_word' id='word_1_264' title='bbox 121 1280 300 1310; x_wconf 76' lang='lat' dir='ltr'>ficationem</span> <span class='ocrx_word' id='word_1_265' title='bbox 331 1277 492 1308; x_wconf 86' lang='lat' dir='ltr'>Lucianus</span> <span class='ocrx_word' id='word_1_266' title='bbox 525 1276 654 1307; x_wconf 78' lang='lat' dir='ltr'>exhibet</span> <span class='ocrx_word' id='word_1_267' title='bbox 686 1275 830 1306; x_wconf 81' lang='lat' dir='ltr'>Eunnch.</span> <span class='ocrx_word' id='word_1_268' title='bbox 864 1277 891 1308; x_wconf 78' lang='lat'>3,</span> <span class='ocrx_word' id='word_1_269' title='bbox 929 1287 992 1317; x_wconf 76' lang='lat' dir='ltr'>quo</span> <span class='ocrx_word' id='word_1_270' title='bbox 1028 1277 1098 1307; x_wconf 75' lang='lat' dir='ltr'>loco</span> <span class='ocrx_word' id='word_1_271' title='bbox 1135 1276 1173 1306; x_wconf 88' lang='lat' dir='ltr'>de</span> <span class='ocrx_word' id='word_1_272' title='bbox 1205 1276 1405 1318; x_wconf 84' lang='lat' dir='ltr'>philosophis</span> <span class='ocrx_word' id='word_1_273' title='bbox 1437 1277 1521 1307; x_wconf 90' lang='lat' dir='ltr'>inter</span> <span class='ocrx_word' id='word_1_274' title='bbox 1551 1287 1586 1307; x_wconf 86' lang='lat' dir='ltr'>se</span> <span class='ocrx_word' id='word_1_275' title='bbox 1620 1275 1856 1317; x_wconf 82' lang='lat' dir='ltr'>disputantibus</span> <span class='ocrx_word' id='word_1_276' title='bbox 1888 1280 1921 1306; x_wconf 90' lang='lat' dir='ltr'>et</span> 
     </span>
     <span class='ocr_line' id='line_1_23' title="bbox 122 1328 1922 1370; baseline -0.002 -7"><span class='ocrx_word' id='word_1_277' title='bbox 122 1331 331 1363; x_wconf 72' lang='lat' dir='ltr'>clamantibus</span> <span class='ocrx_word' id='word_1_278' title='bbox 356 1330 477 1360; x_wconf 87' lang='lat' dir='ltr'>dicitur.</span> <span class='ocrx_word' id='word_1_279' title='bbox 525 1328 588 1360; x_wconf 85' lang='lat' dir='ltr'>Sed</span> <span class='ocrx_word' id='word_1_280' title='bbox 613 1334 723 1360; x_wconf 88' lang='lat' dir='ltr'>nostro</span> <span class='ocrx_word' id='word_1_281' title='bbox 754 1329 823 1359; x_wconf 82' lang='lat' dir='ltr'>loco</span> <span class='ocrx_word' id='word_1_282' title='bbox 856 1340 930 1359; x_wconf 90' lang='lat' dir='ltr'>num</span> <span class='ocrx_word' id='word_1_283' title='bbox 960 1334 1073 1370; x_wconf 85' lang='lat' dir='ltr'>putare</span> <span class='ocrx_word' id='word_1_284' title='bbox 1105 1330 1198 1360; x_wconf 86' lang='lat' dir='ltr'>liceat</span> <span class='ocrx_word' id='word_1_285' title='bbox 1231 1330 1329 1360; x_wconf 79' lang='lat' dir='ltr'>verbo</span> <span class='ocrx_word' id='word_1_286' title='bbox 1361 1330 1439 1360; x_wconf 87' lang='lat' dir='ltr'>hanc</span> <span class='ocrx_word' id='word_1_287' title='bbox 1472 1331 1741 1370; x_wconf 68' lang='lat' dir='ltr'>significationem</span> <span class='ocrx_word' id='word_1_288' title='bbox 1770 1329 1922 1360; x_wconf 85' lang='lat' dir='ltr'>tribuisse</span> 
     </span>
     <span class='ocr_line' id='line_1_24' title="bbox 122 1380 1920 1426; baseline -0.002 -9"><span class='ocrx_word' id='word_1_289' title='bbox 122 1387 308 1426; x_wconf 78' lang='lat' dir='ltr'>scriptorem</span> <span class='ocrx_word' id='word_1_290' title='bbox 341 1385 409 1425; x_wconf 86' lang='lat' dir='ltr'>ipse</span> <span class='ocrx_word' id='word_1_291' title='bbox 442 1383 565 1413; x_wconf 80' lang='lat' dir='ltr'>(lubitu.</span> <span class='ocrx_word' id='word_1_292' title='bbox 612 1382 706 1413; x_wconf 79' lang='lat' dir='ltr'>Haud</span> <span class='ocrx_word' id='word_1_293' title='bbox 739 1383 803 1413; x_wconf 88' lang='lat' dir='ltr'>scio</span> <span class='ocrx_word' id='word_1_294' title='bbox 836 1393 874 1412; x_wconf 91' lang='lat' dir='ltr'>an</span> <span class='ocrx_word' id='word_1_295' title='bbox 910 1380 948 1415; x_wconf 69' lang='grc' dir='ltr'>ὡς</span> <span class='ocrx_word' id='word_1_296' title='bbox 979 1382 1167 1413; x_wconf 77' lang='lat' dir='ltr'>vocabulum</span> <span class='ocrx_word' id='word_1_297' title='bbox 1197 1383 1331 1423; x_wconf 90' lang='lat' dir='ltr'>primum</span> <span class='ocrx_word' id='word_1_298' title='bbox 1363 1383 1468 1413; x_wconf 81' lang='lat' dir='ltr'>locum</span> <span class='ocrx_word' id='word_1_299' title='bbox 1504 1383 1662 1414; x_wconf 87' lang='lat' dir='ltr'>enuntiati</span> <span class='ocrx_word' id='word_1_300' title='bbox 1697 1382 1844 1414; x_wconf 85' lang='lat' dir='ltr'>obtinens</span> <span class='ocrx_word' id='word_1_301' title='bbox 1879 1382 1920 1413; x_wconf 78' lang='lat' dir='ltr'>ad</span> 
     </span>
     <span class='ocr_line' id='line_1_25' title="bbox 121 1435 1919 1478; baseline -0.002 -8"><span class='ocrx_word' id='word_1_302' title='bbox 121 1439 218 1470; x_wconf 84' lang='lat' dir='ltr'>verba</span> <span class='ocrx_word' id='word_1_303' title='bbox 235 1436 459 1469; x_wconf 80' lang='lat' dir='ltr'>antecedentia</span> <span class='ocrx_word' id='word_1_304' title='bbox 474 1447 537 1467; x_wconf 91' lang='lat' dir='ltr'>non</span> <span class='ocrx_word' id='word_1_305' title='bbox 555 1435 637 1466; x_wconf 90' lang='lat' dir='ltr'>bene</span> <span class='ocrx_word' id='word_1_306' title='bbox 654 1435 796 1477; x_wconf 86' lang='lat' dir='ltr'>quadret.</span> <span class='ocrx_word' id='word_1_307' title='bbox 834 1435 985 1475; x_wconf 73' lang='lat' dir='ltr'>Scytham</span> <span class='ocrx_word' id='word_1_308' title='bbox 1009 1436 1163 1467; x_wconf 87' lang='lat' dir='ltr'>dicentem</span> <span class='ocrx_word' id='word_1_309' title='bbox 1189 1437 1373 1468; x_wconf 81' lang='lat' dir='ltr'>audiamus:</span> <span class='ocrx_word' id='word_1_310' title='bbox 1398 1438 1432 1474; x_wconf 82' lang='lat' dir='ltr'>is,</span> <span class='ocrx_word' id='word_1_311' title='bbox 1458 1438 1511 1477; x_wconf 88' lang='grc'><strong>11111</strong></span> <span class='ocrx_word' id='word_1_312' title='bbox 1537 1437 1696 1468; x_wconf 76' lang='lat' dir='ltr'>amicitias</span> <span class='ocrx_word' id='word_1_313' title='bbox 1720 1436 1919 1478; x_wconf 86' lang='lat' dir='ltr'>pulchriores</span> 
     </span>
     <span class='ocr_line' id='line_1_26' title="bbox 122 1489 1920 1532; baseline -0.002 -9"><span class='ocrx_word' id='word_1_314' title='bbox 122 1492 307 1529; x_wconf 69' lang='lat' dir='ltr'>narraverit,</span> <span class='ocrx_word' id='word_1_315' title='bbox 332 1490 472 1531; x_wconf 84' lang='lat' dir='ltr'>palmam</span> <span class='ocrx_word' id='word_1_316' title='bbox 498 1490 597 1527; x_wconf 84' lang='lat' dir='ltr'>feret;</span> <span class='ocrx_word' id='word_1_317' title='bbox 623 1499 683 1528; x_wconf 89' lang='lat' dir='ltr'>ego</span> <span class='ocrx_word' id='word_1_318' title='bbox 709 1489 840 1529; x_wconf 77' lang='lat' dir='ltr'>igitur</span> <span class='ocrx_word' id='word_1_319' title='bbox 863 1490 949 1519; x_wconf 84' lang='lat' dir='ltr'>malo</span> <span class='ocrx_word' id='word_1_320' title='bbox 976 1489 1051 1520; x_wconf 85' lang='lat' dir='ltr'>mihi</span> <span class='ocrx_word' id='word_1_321' title='bbox 1074 1490 1218 1521; x_wconf 80' lang='lat' dir='ltr'>dextram</span> <span class='ocrx_word' id='word_1_322' title='bbox 1243 1491 1401 1532; x_wconf 80' lang='lat' dir='ltr'>amputari</span> <span class='ocrx_word' id='word_1_323' title='bbox 1433 1491 1606 1521; x_wconf 83' lang='lat' dir='ltr'>certamine</span> <span class='ocrx_word' id='word_1_324' title='bbox 1635 1490 1792 1529; x_wconf 79' lang='lat' dir='ltr'>singulari</span> <span class='ocrx_word' id='word_1_325' title='bbox 1823 1490 1920 1529; x_wconf 85' lang='lat' dir='ltr'>victo,</span> 
     </span>
     <span class='ocr_line' id='line_1_27' title="bbox 123 1540 1921 1585; baseline -0.002 -9"><span class='ocrx_word' id='word_1_326' title='bbox 123 1556 218 1585; x_wconf 81' lang='lat' dir='ltr'>quam</span> <span class='ocrx_word' id='word_1_327' title='bbox 249 1555 315 1585; x_wconf 83' lang='lat' dir='ltr'>seq.</span> <span class='ocrx_word' id='word_1_328' title='bbox 362 1543 434 1574; x_wconf 88' lang='lat' dir='ltr'>Hoc</span> <span class='ocrx_word' id='word_1_329' title='bbox 463 1543 534 1573; x_wconf 89' lang='lat' dir='ltr'>loco</span> <span class='ocrx_word' id='word_1_330' title='bbox 564 1553 674 1573; x_wconf 78' lang='lat' dir='ltr'>vocem</span> <span class='ocrx_word' id='word_1_331' title='bbox 706 1540 746 1575; x_wconf 76' lang='grc' dir='ltr'>ὡς</span> <span class='ocrx_word' id='word_1_332' title='bbox 776 1543 870 1584; x_wconf 86' lang='lat' dir='ltr'>plane</span> <span class='ocrx_word' id='word_1_333' title='bbox 904 1544 1098 1584; x_wconf 80' lang='lat' dir='ltr'>superfluam</span> <span class='ocrx_word' id='word_1_334' title='bbox 1129 1554 1199 1574; x_wconf 85' lang='lat' dir='ltr'>esse</span> <span class='ocrx_word' id='word_1_335' title='bbox 1230 1553 1286 1584; x_wconf 87' lang='lat' dir='ltr'>pro</span> <span class='ocrx_word' id='word_1_336' title='bbox 1316 1548 1403 1573; x_wconf 84' lang='lat' dir='ltr'>certo</span> <span class='ocrx_word' id='word_1_337' title='bbox 1437 1542 1646 1573; x_wconf 79' lang='lat' dir='ltr'>statuendum</span> <span class='ocrx_word' id='word_1_338' title='bbox 1677 1553 1748 1573; x_wconf 89' lang='lat' dir='ltr'>esse</span> <span class='ocrx_word' id='word_1_339' title='bbox 1780 1546 1856 1583; x_wconf 87' lang='lat' dir='ltr'>puto</span> <span class='ocrx_word' id='word_1_340' title='bbox 1889 1545 1921 1572; x_wconf 89' lang='lat' dir='ltr'>et</span> 
     </span>
     <span class='ocr_line' id='line_1_28' title="bbox 121 1595 1919 1640; baseline -0.001 -11"><span class='ocrx_word' id='word_1_341' title='bbox 121 1599 267 1640; x_wconf 87' lang='lat' dir='ltr'>suspicor</span> <span class='ocrx_word' id='word_1_342' title='bbox 290 1596 475 1639; x_wconf 79' lang='lat' dir='ltr'>particulam</span> <span class='ocrx_word' id='word_1_343' title='bbox 501 1596 576 1626; x_wconf 90' lang='lat' dir='ltr'>olim</span> <span class='ocrx_word' id='word_1_344' title='bbox 600 1606 663 1626; x_wconf 91' lang='lat' dir='ltr'>non</span> <span class='ocrx_word' id='word_1_345' title='bbox 689 1599 761 1626; x_wconf 86' lang='lat' dir='ltr'>ante</span> <span class='ocrx_word' id='word_1_346' title='bbox 787 1595 875 1633; x_wconf 72' lang='grc' dir='ltr'>ἔγωγε</span> <span class='ocrx_word' id='word_1_347' title='bbox 901 1596 955 1626; x_wconf 86' lang='lat' dir='ltr'>sed</span> <span class='ocrx_word' id='word_1_348' title='bbox 981 1601 1056 1627; x_wconf 80' lang='lat' dir='ltr'>ante</span> <span class='ocrx_word' id='word_1_349' title='bbox 1081 1602 1258 1637; x_wconf 44' lang='grc' dir='ltr'>μονομαχῶν]</span> <span class='ocrx_word' id='word_1_350' title='bbox 1284 1597 1385 1627; x_wconf 82' lang='lat' dir='ltr'>fnisse</span> <span class='ocrx_word' id='word_1_351' title='bbox 1411 1601 1444 1627; x_wconf 86' lang='lat' dir='ltr'>et</span> <span class='ocrx_word' id='word_1_352' title='bbox 1468 1597 1674 1637; x_wconf 82' lang='lat' dir='ltr'>neglegentia</span> <span class='ocrx_word' id='word_1_353' title='bbox 1705 1596 1821 1627; x_wconf 79' lang='lat' dir='ltr'>librarii</span> <span class='ocrx_word' id='word_1_354' title='bbox 1846 1597 1919 1627; x_wconf 90' lang='lat' dir='ltr'>loco</span> 
     </span>
     <span class='ocr_line' id='line_1_29' title="bbox 122 1648 1920 1690; baseline -0.001 -8"><span class='ocrx_word' id='word_1_355' title='bbox 122 1662 180 1682; x_wconf 89' lang='grc'>500</span> <span class='ocrx_word' id='word_1_356' title='bbox 206 1655 321 1682; x_wconf 87' lang='lat' dir='ltr'>motam</span> <span class='ocrx_word' id='word_1_357' title='bbox 347 1660 429 1680; x_wconf 86' lang='lat' dir='ltr'>csse.</span> <span class='ocrx_word' id='word_1_358' title='bbox 476 1648 657 1680; x_wconf 84' lang='lat' dir='ltr'>Difficultas</span> <span class='ocrx_word' id='word_1_359' title='bbox 681 1648 740 1679; x_wconf 84' lang='lat' dir='ltr'>hac</span> <span class='ocrx_word' id='word_1_360' title='bbox 770 1649 832 1679; x_wconf 89' lang='lat' dir='ltr'>leni</span> <span class='ocrx_word' id='word_1_361' title='bbox 862 1650 1042 1680; x_wconf 75' lang='lat' dir='ltr'>mutatione</span> <span class='ocrx_word' id='word_1_362' title='bbox 1071 1651 1217 1681; x_wconf 84' lang='lat' dir='ltr'>solvitur.</span> <span class='ocrx_word' id='word_1_363' title='bbox 1265 1649 1297 1680; x_wconf 87' lang='lat' dir='ltr'>Si</span> <span class='ocrx_word' id='word_1_364' title='bbox 1332 1651 1415 1680; x_wconf 91' lang='lat' dir='ltr'>enim</span> <span class='ocrx_word' id='word_1_365' title='bbox 1448 1650 1584 1690; x_wconf 84' lang='lat' dir='ltr'>legimus</span> <span class='ocrx_word' id='word_1_366' title='bbox 1617 1648 1770 1689; x_wconf 65' lang='lat' dir='ltr'>scytham</span> <span class='ocrx_word' id='word_1_367' title='bbox 1801 1649 1920 1680; x_wconf 79' lang='lat' dir='ltr'>dicere:</span> 
     </span>
     <span class='ocr_line' id='line_1_30' title="bbox 125 1702 1920 1744; baseline -0.002 -9"><span class='ocrx_word' id='word_1_368' title='bbox 125 1703 291 1744; x_wconf 79' lang='lat' dir='ltr'>„equidem</span> <span class='ocrx_word' id='word_1_369' title='bbox 321 1703 427 1733; x_wconf 82' lang='lat' dir='ltr'>malim</span> <span class='ocrx_word' id='word_1_370' title='bbox 459 1706 492 1732; x_wconf 90' lang='lat' dir='ltr'>ut</span> <span class='ocrx_word' id='word_1_371' title='bbox 521 1702 624 1732; x_wconf 80' lang='lat' dir='ltr'>vlotus</span> <span class='ocrx_word' id='word_1_372' title='bbox 658 1702 830 1732; x_wconf 81' lang='lat' dir='ltr'>certamine</span> <span class='ocrx_word' id='word_1_373' title='bbox 860 1703 1013 1741; x_wconf 82' lang='lat' dir='ltr'>singulari</span> <span class='ocrx_word' id='word_1_374' title='bbox 1049 1703 1163 1733; x_wconf 76' lang='lat' dir='ltr'>dextra</span> <span class='ocrx_word' id='word_1_375' title='bbox 1196 1703 1319 1744; x_wconf 64' lang='lat' dir='ltr'>privari,</span> <span class='ocrx_word' id='word_1_376' title='bbox 1361 1713 1455 1744; x_wconf 87' lang='lat' dir='ltr'>quam</span> <span class='ocrx_word' id='word_1_377' title='bbox 1490 1703 1520 1733; x_wconf 89' lang='lat' dir='ltr'>in</span> <span class='ocrx_word' id='word_1_378' title='bbox 1555 1703 1696 1733; x_wconf 75' lang='lat' dir='ltr'>amicitia</span> <span class='ocrx_word' id='word_1_379' title='bbox 1729 1702 1791 1733; x_wconf 89' lang='lat' dir='ltr'>alio</span> <span class='ocrx_word' id='word_1_380' title='bbox 1825 1702 1920 1733; x_wconf 77' lang='lat' dir='ltr'>vilior</span> 
     </span>
     <span class='ocr_line' id='line_1_31' title="bbox 122 1754 1921 1796; baseline -0.001 -9"><span class='ocrx_word' id='word_1_381' title='bbox 122 1757 282 1794; x_wconf 77' lang='lat' dir='ltr'>iudicari“‚</span> <span class='ocrx_word' id='word_1_382' title='bbox 315 1766 375 1786; x_wconf 89' lang='lat' dir='ltr'>non</span> <span class='ocrx_word' id='word_1_383' title='bbox 402 1756 464 1786; x_wconf 83' lang='lat' dir='ltr'>iam</span> <span class='ocrx_word' id='word_1_384' title='bbox 490 1756 604 1786; x_wconf 86' lang='lat' dir='ltr'>mirum</span> <span class='ocrx_word' id='word_1_385' title='bbox 631 1763 680 1786; x_wconf 85' lang='lat' dir='ltr'>est</span> <span class='ocrx_word' id='word_1_386' title='bbox 705 1754 790 1794; x_wconf 88' lang='grc'><strong>(10011</strong></span> <span class='ocrx_word' id='word_1_387' title='bbox 818 1754 947 1785; x_wconf 67' lang='lat' dir='ltr'>Graecus</span> <span class='ocrx_word' id='word_1_388' title='bbox 979 1756 1046 1787; x_wconf 76' lang='lat' dir='ltr'>sive</span> <span class='ocrx_word' id='word_1_389' title='bbox 1078 1757 1186 1791; x_wconf 75' lang='lat' dir='ltr'>iratus,</span> <span class='ocrx_word' id='word_1_390' title='bbox 1219 1756 1370 1796; x_wconf 81' lang='lat' dir='ltr'>quoniam</span> <span class='ocrx_word' id='word_1_391' title='bbox 1403 1755 1538 1786; x_wconf 80' lang='lat' dir='ltr'>Toxaris</span> <span class='ocrx_word' id='word_1_392' title='bbox 1572 1754 1619 1786; x_wconf 87' lang='lat' dir='ltr'>his</span> <span class='ocrx_word' id='word_1_393' title='bbox 1648 1754 1754 1786; x_wconf 76' lang='lat' dir='ltr'>verbis</span> <span class='ocrx_word' id='word_1_394' title='bbox 1784 1754 1921 1795; x_wconf 78' lang='lat' dir='ltr'>Scythas</span> 
     </span>
     <span class='ocr_line' id='line_1_32' title="bbox 121 1807 1922 1849; baseline -0.001 -8"><span class='ocrx_word' id='word_1_395' title='bbox 121 1810 259 1841; x_wconf 84' lang='lat' dir='ltr'>amicitia</span> <span class='ocrx_word' id='word_1_396' title='bbox 285 1809 404 1839; x_wconf 53' lang='lat' dir='ltr'>Gravis</span> <span class='ocrx_word' id='word_1_397' title='bbox 430 1808 531 1839; x_wconf 85' lang='lat' dir='ltr'>multo</span> <span class='ocrx_word' id='word_1_398' title='bbox 556 1813 709 1849; x_wconf 68' lang='lat' dir='ltr'>prarstare</span> <span class='ocrx_word' id='word_1_399' title='bbox 743 1807 802 1838; x_wconf 86' lang='lat' dir='ltr'>sibi</span> <span class='ocrx_word' id='word_1_400' title='bbox 832 1818 1018 1849; x_wconf 82' lang='lat' dir='ltr'>persuasum</span> <span class='ocrx_word' id='word_1_401' title='bbox 1051 1819 1123 1839; x_wconf 80' lang='lat' dir='ltr'>esse</span> <span class='ocrx_word' id='word_1_402' title='bbox 1155 1809 1231 1839; x_wconf 83' lang='lat' dir='ltr'>satis</span> <span class='ocrx_word' id='word_1_403' title='bbox 1261 1808 1400 1839; x_wconf 80' lang='lat' dir='ltr'>dilucide</span> <span class='ocrx_word' id='word_1_404' title='bbox 1428 1808 1604 1849; x_wconf 72' lang='lat' dir='ltr'>profitetur,</span> <span class='ocrx_word' id='word_1_405' title='bbox 1636 1808 1703 1838; x_wconf 77' lang='lat' dir='ltr'>sive</span> <span class='ocrx_word' id='word_1_406' title='bbox 1734 1817 1791 1849; x_wconf 84' lang='lat' dir='ltr'>per</span> <span class='ocrx_word' id='word_1_407' title='bbox 1818 1807 1922 1839; x_wconf 89' lang='lat' dir='ltr'>iocum</span> 
     </span>
     <span class='ocr_line' id='line_1_33' title="bbox 122 1860 1920 1905; baseline -0.001 -12"><span class='ocrx_word' id='word_1_408' title='bbox 122 1862 307 1905; x_wconf 86' lang='lat' dir='ltr'>respondet:</span> <span class='ocrx_word' id='word_1_409' title='bbox 333 1861 414 1892; x_wconf 88' lang='lat' dir='ltr'>bene</span> <span class='ocrx_word' id='word_1_410' title='bbox 439 1861 553 1892; x_wconf 78' lang='lat' dir='ltr'>habet!</span> <span class='ocrx_word' id='word_1_411' title='bbox 579 1861 617 1891; x_wconf 88' lang='lat' dir='ltr'>da</span> <span class='ocrx_word' id='word_1_412' title='bbox 642 1861 717 1891; x_wconf 87' lang='lat' dir='ltr'>mihi</span> <span class='ocrx_word' id='word_1_413' title='bbox 743 1861 835 1891; x_wconf 84' lang='lat' dir='ltr'>iidem</span> <span class='ocrx_word' id='word_1_414' title='bbox 863 1866 893 1891; x_wconf 91' lang='lat' dir='ltr'>te</span> <span class='ocrx_word' id='word_1_415' title='bbox 919 1862 961 1891; x_wconf 87' lang='lat' dir='ltr'>ita</span> <span class='ocrx_word' id='word_1_416' title='bbox 988 1863 1154 1899; x_wconf 66' lang='lat' dir='ltr'>facturum,</span> <span class='ocrx_word' id='word_1_417' title='bbox 1187 1872 1250 1903; x_wconf 88' lang='lat' dir='ltr'>ego</span> <span class='ocrx_word' id='word_1_418' title='bbox 1276 1861 1357 1892; x_wconf 84' lang='lat' dir='ltr'>idem</span> <span class='ocrx_word' id='word_1_419' title='bbox 1383 1862 1546 1903; x_wconf 81' lang='lat' dir='ltr'>polliceor.</span> <span class='ocrx_word' id='word_1_420' title='bbox 1594 1860 1696 1891; x_wconf 84' lang='lat' dir='ltr'>Immo</span> <span class='ocrx_word' id='word_1_421' title='bbox 1722 1871 1797 1892; x_wconf 79' lang='lat' dir='ltr'>vero</span> <span class='ocrx_word' id='word_1_422' title='bbox 1834 1861 1920 1901; x_wconf 87' lang='lat' dir='ltr'>quod</span> 
     </span>
     <span class='ocr_line' id='line_1_34' title="bbox 123 1914 1921 1956; baseline -0.001 -10"><span class='ocrx_word' id='word_1_423' title='bbox 123 1917 160 1947; x_wconf 91' lang='lat' dir='ltr'>G.</span> <span class='ocrx_word' id='word_1_424' title='bbox 185 1916 272 1946; x_wconf 82' lang='lat' dir='ltr'>dicit:</span> <span class='ocrx_word' id='word_1_425' title='bbox 306 1916 418 1954; x_wconf 81' lang='lat' dir='ltr'>„malle</span> <span class='ocrx_word' id='word_1_426' title='bbox 443 1925 477 1945; x_wconf 91' lang='grc'>50</span> <span class='ocrx_word' id='word_1_427' title='bbox 502 1915 575 1945; x_wconf 85' lang='lat' dir='ltr'>dicit</span> <span class='ocrx_word' id='word_1_428' title='bbox 601 1914 660 1944; x_wconf 82' lang='lat' dir='ltr'>sibi</span> <span class='ocrx_word' id='word_1_429' title='bbox 687 1914 771 1944; x_wconf 76' lang='lat' dir='ltr'>victo</span> <span class='ocrx_word' id='word_1_430' title='bbox 797 1914 942 1944; x_wconf 81' lang='lat' dir='ltr'>dextram</span> <span class='ocrx_word' id='word_1_431' title='bbox 967 1915 1133 1956; x_wconf 68' lang='lat' dir='ltr'>amputari,</span> <span class='ocrx_word' id='word_1_432' title='bbox 1158 1925 1190 1945; x_wconf 86' lang='lat' dir='ltr'>re</span> <span class='ocrx_word' id='word_1_433' title='bbox 1215 1926 1289 1946; x_wconf 87' lang='lat' dir='ltr'>vcra</span> <span class='ocrx_word' id='word_1_434' title='bbox 1314 1915 1343 1946; x_wconf 90' lang='lat' dir='ltr'>id</span> <span class='ocrx_word' id='word_1_435' title='bbox 1369 1916 1434 1956; x_wconf 83' lang='lat' dir='ltr'>pati</span> <span class='ocrx_word' id='word_1_436' title='bbox 1460 1915 1541 1945; x_wconf 81' lang='lat' dir='ltr'>velle</span> <span class='ocrx_word' id='word_1_437' title='bbox 1567 1925 1628 1945; x_wconf 91' lang='lat' dir='ltr'>non</span> <span class='ocrx_word' id='word_1_438' title='bbox 1654 1914 1747 1945; x_wconf 59' lang='lat' dir='ltr'>dicit*</span> <span class='ocrx_word' id='word_1_439' title='bbox 1775 1918 1809 1945; x_wconf 85' lang='lat' dir='ltr'>et</span> <span class='ocrx_word' id='word_1_440' title='bbox 1834 1914 1921 1955; x_wconf 86' lang='lat' dir='ltr'>quod</span> 
     </span>
     <span class='ocr_line' id='line_1_35' title="bbox 123 1966 1920 2009; baseline 0.001 -12"><span class='ocrx_word' id='word_1_441' title='bbox 123 1969 255 2000; x_wconf 77' lang='lat' dir='ltr'>offendit</span> <span class='ocrx_word' id='word_1_442' title='bbox 272 1969 302 1999; x_wconf 94' lang='lat' dir='ltr'>in</span> <span class='ocrx_word' id='word_1_443' title='bbox 318 1966 582 2008; x_wconf 57' lang='grc' dir='ltr'><strong>κ’01-1115ἦγείρων</strong></span> <span class='ocrx_word' id='word_1_444' title='bbox 608 1966 699 1997; x_wconf 69' lang='grc' dir='ltr'>ἄλλω</span> <span class='ocrx_word' id='word_1_445' title='bbox 724 1968 799 1996; x_wconf 67' lang='grc' dir='ltr'>κατὰ.</span> <span class='ocrx_word' id='word_1_446' title='bbox 819 1967 914 2008; x_wconf 49' lang='grc' dir='ltr'>φιλίαν</span> <span class='ocrx_word' id='word_1_447' title='bbox 935 1970 1101 2007; x_wconf 58' lang='grc' dir='ltr'>κεκρίσθαι.</span> <span class='ocrx_word' id='word_1_448' title='bbox 1127 1979 1197 1999; x_wconf 80' lang='lat' dir='ltr'>cnm</span> <span class='ocrx_word' id='word_1_449' title='bbox 1223 1979 1284 1999; x_wconf 88' lang='lat' dir='ltr'>non</span> <span class='ocrx_word' id='word_1_450' title='bbox 1310 1967 1348 1999; x_wconf 81' lang='grc'>110</span> <span class='ocrx_word' id='word_1_451' title='bbox 1374 1978 1412 1998; x_wconf 83' lang='lat' dir='ltr'>ea</span> <span class='ocrx_word' id='word_1_452' title='bbox 1436 1978 1470 1998; x_wconf 86' lang='lat' dir='ltr'>re</span> <span class='ocrx_word' id='word_1_453' title='bbox 1492 1968 1698 2009; x_wconf 70' lang='lat' dir='ltr'>disceptetur,</span> <span class='ocrx_word' id='word_1_454' title='bbox 1723 1971 1794 1998; x_wconf 87' lang='lat' dir='ltr'>nter</span> <span class='ocrx_word' id='word_1_455' title='bbox 1808 1977 1920 1998; x_wconf 84' lang='lat' dir='ltr'>eorum</span> 
     </span>
     <span class='ocr_line' id='line_1_36' title="bbox 122 2019 1921 2064; baseline -0.002 -11"><span class='ocrx_word' id='word_1_456' title='bbox 122 2023 241 2053; x_wconf 83' lang='lat' dir='ltr'>amicus</span> <span class='ocrx_word' id='word_1_457' title='bbox 265 2021 472 2064; x_wconf 79' lang='lat' dir='ltr'>p1·a·stantior</span> <span class='ocrx_word' id='word_1_458' title='bbox 496 2022 547 2059; x_wconf 83' lang='lat' dir='ltr'>sit,</span> <span class='ocrx_word' id='word_1_459' title='bbox 579 2021 634 2052; x_wconf 87' lang='lat' dir='ltr'>sed</span> <span class='ocrx_word' id='word_1_460' title='bbox 660 2026 766 2051; x_wconf 85' lang='lat' dir='ltr'>utrum</span> <span class='ocrx_word' id='word_1_461' title='bbox 793 2021 918 2060; x_wconf 64' lang='lat' dir='ltr'>scytha·</span> <span class='ocrx_word' id='word_1_462' title='bbox 944 2021 1081 2051; x_wconf 82' lang='lat' dir='ltr'>amicitia</span> <span class='ocrx_word' id='word_1_463' title='bbox 1105 2026 1257 2061; x_wconf 72' lang='lat' dir='ltr'>praestent</span> <span class='ocrx_word' id='word_1_464' title='bbox 1288 2032 1326 2051; x_wconf 81' lang='lat' dir='ltr'>an</span> <span class='ocrx_word' id='word_1_465' title='bbox 1357 2021 1468 2057; x_wconf 62' lang='lat' dir='ltr'>Graeci,</span> <span class='ocrx_word' id='word_1_466' title='bbox 1503 2021 1564 2051; x_wconf 78' lang='lat' dir='ltr'>iam</span> <span class='ocrx_word' id='word_1_467' title='bbox 1598 2031 1680 2051; x_wconf 87' lang='lat' dir='ltr'>nunc</span> <span class='ocrx_word' id='word_1_468' title='bbox 1712 2019 1921 2051; x_wconf 81' lang='lat' dir='ltr'>statuendum</span> 
     </span>
     <span class='ocr_line' id='line_1_37' title="bbox 122 2073 1922 2115; baseline -0.001 -9"><span class='ocrx_word' id='word_1_469' title='bbox 122 2080 180 2113; x_wconf 87' lang='grc'><strong>051,</strong></span> <span class='ocrx_word' id='word_1_470' title='bbox 212 2075 293 2106; x_wconf 82' lang='lat' dir='ltr'>tales</span> <span class='ocrx_word' id='word_1_471' title='bbox 318 2074 533 2115; x_wconf 74' lang='lat' dir='ltr'>indiligenti-as</span> <span class='ocrx_word' id='word_1_472' title='bbox 562 2075 680 2105; x_wconf 80' lang='lat' dir='ltr'>multas</span> <span class='ocrx_word' id='word_1_473' title='bbox 713 2074 845 2104; x_wconf 86' lang='lat' dir='ltr'>inveniri</span> <span class='ocrx_word' id='word_1_474' title='bbox 877 2073 959 2112; x_wconf 85' lang='lat' dir='ltr'>apud</span> <span class='ocrx_word' id='word_1_475' title='bbox 987 2074 1170 2105; x_wconf 79' lang='lat' dir='ltr'>Lucianum</span> <span class='ocrx_word' id='word_1_476' title='bbox 1217 2074 1290 2109; x_wconf 86' lang='grc'><strong>8011,</strong></span> <span class='ocrx_word' id='word_1_477' title='bbox 1323 2084 1395 2104; x_wconf 89' lang='lat' dir='ltr'>cum</span> <span class='ocrx_word' id='word_1_478' title='bbox 1428 2073 1509 2104; x_wconf 77' lang='lat' dir='ltr'>infra</span> <span class='ocrx_word' id='word_1_479' title='bbox 1541 2073 1580 2104; x_wconf 89' lang='lat' dir='ltr'>de</span> <span class='ocrx_word' id='word_1_480' title='bbox 1611 2073 1669 2104; x_wconf 88' lang='lat' dir='ltr'>hoc</span> <span class='ocrx_word' id='word_1_481' title='bbox 1703 2083 1763 2103; x_wconf 88' lang='lat' dir='ltr'>usu</span> <span class='ocrx_word' id='word_1_482' title='bbox 1788 2073 1922 2104; x_wconf 81' lang='lat' dir='ltr'>aniani</span> 
     </span>
     <span class='ocr_line' id='line_1_38' title="bbox 122 2126 1415 2167; baseline -0.001 -9"><span class='ocrx_word' id='word_1_483' title='bbox 122 2127 212 2159; x_wconf 87' lang='lat' dir='ltr'>nobis</span> <span class='ocrx_word' id='word_1_484' title='bbox 237 2127 405 2158; x_wconf 84' lang='lat' dir='ltr'>(licendum</span> <span class='ocrx_word' id='word_1_485' title='bbox 430 2128 480 2163; x_wconf 83' lang='grc'><strong>511,</strong></span> <span class='ocrx_word' id='word_1_486' title='bbox 505 2127 569 2157; x_wconf 85' lang='lat' dir='ltr'>iam</span> <span class='ocrx_word' id='word_1_487' title='bbox 595 2127 686 2167; x_wconf 85' lang='lat' dir='ltr'>plura</span> <span class='ocrx_word' id='word_1_488' title='bbox 711 2126 749 2157; x_wconf 84' lang='lat' dir='ltr'>ad</span> <span class='ocrx_word' id='word_1_489' title='bbox 775 2126 855 2156; x_wconf 81' lang='lat' dir='ltr'>hunc</span> <span class='ocrx_word' id='word_1_490' title='bbox 880 2127 984 2157; x_wconf 82' lang='lat' dir='ltr'>locum</span> <span class='ocrx_word' id='word_1_491' title='bbox 1010 2127 1082 2157; x_wconf 86' lang='lat' dir='ltr'>addi</span> <span class='ocrx_word' id='word_1_492' title='bbox 1109 2138 1171 2158; x_wconf 87' lang='lat' dir='ltr'>non</span> <span class='ocrx_word' id='word_1_493' title='bbox 1196 2137 1329 2157; x_wconf 82' lang='lat' dir='ltr'>necesse</span> <span class='ocrx_word' id='word_1_494' title='bbox 1356 2131 1415 2157; x_wconf 85' lang='lat' dir='ltr'>est.</span> 
     </span>
    </p>

    <p class='ocr_par' dir='ltr' id='par_1_4' title="bbox 120 2179 1920 2433">
     <span class='ocr_line' id='line_1_39' title="bbox 280 2179 1920 2221; baseline -0.001 -11"><span class='ocrx_word' id='word_1_495' title='bbox 280 2180 359 2210; x_wconf 65' lang='lat' dir='ltr'>Cum</span> <span class='ocrx_word' id='word_1_496' title='bbox 391 2184 499 2210; x_wconf 81' lang='lat' dir='ltr'>autem</span> <span class='ocrx_word' id='word_1_497' title='bbox 525 2179 643 2220; x_wconf 79' lang='lat' dir='ltr'>Scytha</span> <span class='ocrx_word' id='word_1_498' title='bbox 676 2183 707 2210; x_wconf 89' lang='lat' dir='ltr'>et</span> <span class='ocrx_word' id='word_1_499' title='bbox 741 2180 871 2210; x_wconf 69' lang='lat' dir='ltr'>Grzrcus</span> <span class='ocrx_word' id='word_1_500' title='bbox 903 2180 933 2210; x_wconf 90' lang='lat' dir='ltr'>in</span> <span class='ocrx_word' id='word_1_501' title='bbox 965 2181 1025 2210; x_wconf 84' lang='lat' dir='ltr'>tine</span> <span class='ocrx_word' id='word_1_502' title='bbox 1054 2180 1171 2221; x_wconf 77' lang='lat' dir='ltr'>dialogi</span> <span class='ocrx_word' id='word_1_503' title='bbox 1203 2180 1230 2210; x_wconf 86' lang='lat' dir='ltr'>id</span> <span class='ocrx_word' id='word_1_504' title='bbox 1263 2179 1347 2220; x_wconf 75' lang='lat' dir='ltr'>qnod</span> <span class='ocrx_word' id='word_1_505' title='bbox 1379 2179 1615 2210; x_wconf 81' lang='lat' dir='ltr'>constituerant</span> <span class='ocrx_word' id='word_1_506' title='bbox 1651 2189 1713 2209; x_wconf 88' lang='grc'><strong>11011</strong></span> <span class='ocrx_word' id='word_1_507' title='bbox 1742 2179 1920 2220; x_wconf 80' lang='lat' dir='ltr'>perficiunt,</span> 
     </span>
     <span class='ocr_line' id='line_1_40' title="bbox 123 2231 1918 2274; baseline 0.001 -13"><span class='ocrx_word' id='word_1_508' title='bbox 123 2234 160 2264; x_wconf 86' lang='lat' dir='ltr'>G.</span> <span class='ocrx_word' id='word_1_509' title='bbox 185 2232 299 2274; x_wconf 81' lang='lat' dir='ltr'>quibus</span> <span class='ocrx_word' id='word_1_510' title='bbox 325 2233 429 2264; x_wconf 86' lang='lat' dir='ltr'>verbis</span> <span class='ocrx_word' id='word_1_511' title='bbox 453 2239 557 2264; x_wconf 86' lang='lat' dir='ltr'>totum</span> <span class='ocrx_word' id='word_1_512' title='bbox 582 2233 723 2263; x_wconf 89' lang='lat' dir='ltr'>libellum</span> <span class='ocrx_word' id='word_1_513' title='bbox 750 2243 844 2272; x_wconf 88' lang='lat' dir='ltr'>quam</span> <span class='ocrx_word' id='word_1_514' title='bbox 871 2233 1009 2263; x_wconf 82' lang='lat' dir='ltr'>maxime</span> <span class='ocrx_word' id='word_1_515' title='bbox 1033 2233 1225 2263; x_wconf 83' lang='lat' dir='ltr'>condemnat</span> <span class='ocrx_word' id='word_1_516' title='bbox 1251 2233 1302 2263; x_wconf 82' lang='lat' dir='ltr'>vix</span> <span class='ocrx_word' id='word_1_517' title='bbox 1327 2233 1453 2274; x_wconf 82' lang='lat' dir='ltr'>reperit.</span> <span class='ocrx_word' id='word_1_518' title='bbox 1493 2231 1586 2267; x_wconf 79' lang='lat' dir='ltr'>Quod</span> <span class='ocrx_word' id='word_1_519' title='bbox 1606 2231 1764 2262; x_wconf 86' lang='lat' dir='ltr'>neminem</span> <span class='ocrx_word' id='word_1_520' title='bbox 1791 2232 1819 2262; x_wconf 89' lang='lat' dir='ltr'>ei</span> <span class='ocrx_word' id='word_1_521' title='bbox 1844 2242 1918 2262; x_wconf 82' lang='lat' dir='ltr'>con-</span> 
     </span>
     <span class='ocr_line' id='line_1_41' title="bbox 122 2284 1920 2327; baseline 0.001 -12"><span class='ocrx_word' id='word_1_522' title='bbox 122 2287 239 2317; x_wconf 86' lang='lat' dir='ltr'>sentire</span> <span class='ocrx_word' id='word_1_523' title='bbox 263 2290 351 2326; x_wconf 85' lang='lat' dir='ltr'>puto,</span> <span class='ocrx_word' id='word_1_524' title='bbox 377 2286 527 2326; x_wconf 80' lang='lat' dir='ltr'>quoniam</span> <span class='ocrx_word' id='word_1_525' title='bbox 553 2296 602 2317; x_wconf 82' lang='lat' dir='ltr'>res</span> <span class='ocrx_word' id='word_1_526' title='bbox 620 2285 672 2316; x_wconf 86' lang='lat' dir='ltr'>vix</span> <span class='ocrx_word' id='word_1_527' title='bbox 696 2285 876 2327; x_wconf 86' lang='lat' dir='ltr'>pulchriore</span> <span class='ocrx_word' id='word_1_528' title='bbox 900 2285 994 2316; x_wconf 86' lang='lat' dir='ltr'>modo</span> <span class='ocrx_word' id='word_1_529' title='bbox 1021 2286 1102 2317; x_wconf 82' lang='lat' dir='ltr'>solvi</span> <span class='ocrx_word' id='word_1_530' title='bbox 1126 2287 1242 2327; x_wconf 84' lang='lat' dir='ltr'>potnit.</span> <span class='ocrx_word' id='word_1_531' title='bbox 1281 2286 1364 2317; x_wconf 85' lang='lat' dir='ltr'>Num</span> <span class='ocrx_word' id='word_1_532' title='bbox 1381 2285 1624 2327; x_wconf 75' lang='lat' dir='ltr'>vituperandum</span> <span class='ocrx_word' id='word_1_533' title='bbox 1650 2289 1700 2316; x_wconf 88' lang='lat' dir='ltr'>est</span> <span class='ocrx_word' id='word_1_534' title='bbox 1725 2284 1810 2326; x_wconf 72' lang='lat' dir='ltr'>quod</span> <span class='ocrx_word' id='word_1_535' title='bbox 1837 2285 1920 2316; x_wconf 77' lang='lat' dir='ltr'>alter</span> 
     </span>
     <span class='ocr_line' id='line_1_42' title="bbox 121 2337 1919 2379; baseline 0 -10"><span class='ocrx_word' id='word_1_536' title='bbox 121 2339 260 2379; x_wconf 86' lang='lat' dir='ltr'>linguam</span> <span class='ocrx_word' id='word_1_537' title='bbox 285 2339 368 2369; x_wconf 84' lang='lat' dir='ltr'>alter</span> <span class='ocrx_word' id='word_1_538' title='bbox 391 2349 517 2369; x_wconf 87' lang='lat' dir='ltr'>manum</span> <span class='ocrx_word' id='word_1_539' title='bbox 543 2349 604 2369; x_wconf 89' lang='lat' dir='ltr'>non</span> <span class='ocrx_word' id='word_1_540' title='bbox 631 2337 781 2369; x_wconf 74' lang='lat' dir='ltr'>obsecat&#39;?</span> <span class='ocrx_word' id='word_1_541' title='bbox 829 2338 949 2378; x_wconf 70' lang='lat' dir='ltr'>Scytha</span> <span class='ocrx_word' id='word_1_542' title='bbox 974 2344 1004 2369; x_wconf 88' lang='lat' dir='ltr'>et</span> <span class='ocrx_word' id='word_1_543' title='bbox 1031 2340 1162 2370; x_wconf 76' lang='lat' dir='ltr'>Gra-cus</span> <span class='ocrx_word' id='word_1_544' title='bbox 1193 2342 1392 2379; x_wconf 80' lang='lat' dir='ltr'>cognoscunt</span> <span class='ocrx_word' id='word_1_545' title='bbox 1422 2342 1592 2379; x_wconf 86' lang='lat' dir='ltr'>utrumqne</span> <span class='ocrx_word' id='word_1_546' title='bbox 1625 2338 1782 2369; x_wconf 78' lang='lat' dir='ltr'>amicitias</span> <span class='ocrx_word' id='word_1_547' title='bbox 1816 2338 1919 2370; x_wconf 75' lang='lat' dir='ltr'>claras</span> 
     </span>
     <span class='ocr_line' id='line_1_43' title="bbox 120 2391 1471 2433; baseline 0.001 -12"><span class='ocrx_word' id='word_1_548' title='bbox 120 2392 264 2432; x_wconf 86' lang='lat' dir='ltr'>proferre</span> <span class='ocrx_word' id='word_1_549' title='bbox 287 2402 384 2433; x_wconf 79' lang='lat' dir='ltr'>posse</span> <span class='ocrx_word' id='word_1_550' title='bbox 408 2391 518 2433; x_wconf 84' lang='lat' dir='ltr'>itaque</span> <span class='ocrx_word' id='word_1_551' title='bbox 542 2391 690 2422; x_wconf 84' lang='lat' dir='ltr'>desinunt</span> <span class='ocrx_word' id='word_1_552' title='bbox 717 2391 802 2422; x_wconf 82' lang='lat' dir='ltr'>inter</span> <span class='ocrx_word' id='word_1_553' title='bbox 825 2401 860 2422; x_wconf 85' lang='lat' dir='ltr'>se</span> <span class='ocrx_word' id='word_1_554' title='bbox 885 2397 1069 2422; x_wconf 74' lang='lat' dir='ltr'>concertare</span> <span class='ocrx_word' id='word_1_555' title='bbox 1094 2396 1125 2422; x_wconf 89' lang='grc'>01</span> <span class='ocrx_word' id='word_1_556' title='bbox 1150 2392 1321 2423; x_wconf 82' lang='lat' dir='ltr'>amicitiam</span> <span class='ocrx_word' id='word_1_557' title='bbox 1348 2392 1471 2423; x_wconf 81' lang='lat' dir='ltr'>ineunt.</span> 
     </span>
    </p>
   </div>
  </div>
 </body>
</html>
