2053 2688
1890 85 1923 114 11

121 184 265 218 cedenda
287 187 364 217 sunt
385 195 491 227 neque
514 183 704 227 quemquam
728 193 800 215 esse
824 185 903 224 puto
928 182 982 224 qui
1009 180 1049 212 ab
1074 191 1114 212 eo
1138 180 1326 219 dissentiam
1358 191 1417 212 nec
1447 177 1527 212 non‘
1543 181 1628 212 omni
1651 181 1721 213 iure
1746 181 1808 213 iam
1832 182 1925 214 initio

123 237 362 271 dissertationis
391 237 473 270 dixit
497 247 536 269 es
559 247 630 279 quae
653 236 692 268 de
717 235 845 277 Scythis
878 234 1021 267 inaudita.
1051 239 1084 266 et
1117 234 1295 275 singularia
1326 238 1506 271 narrentur,
1539 234 1613 265 fleta
1641 237 1674 265 et
1703 236 1926 267 commenticia

123 301 208 324 esee.
254 291 339 328 Quid
361 290 434 323 inde
457 290 623 333 seqnitur?
656 289 819 331 dialogum
844 299 907 320 non
932 299 951 319 a
977 288 1119 320 Luciano
1144 287 1299 328 scriptum
1325 288 1418 318 esse?
1453 287 1594 319 minime.
1631 287 1703 319 Non
1727 288 1832 320 minus
1855 289 1925 320 aliis

123 344 251 388 seriptis
266 343 428 376 Lucienus
451 353 502 375 res
525 348 626 384 auget
651 347 683 374 et
706 346 842 374 exornat
867 346 967 384 atque
991 342 1070 372 talis
1093 346 1208 377 narrat,
1232 341 1348 383 quibus
1365 341 1442 372 tides
1460 340 1556 372 tribui
1573 341 1694 383 nequit.
1730 341 1831 373 Immo
1848 352 1924 374 vero

123 397 328 440 querendum
352 401 411 435 est,
434 396 510 439 quid
526 396 689 428 Lucinnus
711 406 778 427 rem
803 395 847 426 its
873 399 1014 426 tractans
1039 395 1244 436 spectaverit.
1281 394 1556 426 Verisimillimum
1580 399 1631 425 est
1655 395 1845 435 scriptorem
1869 406 1927 438 per

122 454 228 483 totum
252 449 415 492 dialogum
438 450 573 481 ironiam
597 448 758 492 quandam
783 447 979 480 exhibuisse.
1015 447 1160 489 Uterque
1184 447 1268 478 enim
1293 453 1325 477 et
1343 446 1473 477 Graecus
1497 452 1530 478 et
1555 445 1676 487 Scytha
1698 457 1738 478 ne
1754 453 1926 490 superetur

121 502 217 535 timet
237 503 348 546 itaque
370 503 510 535 maxime
535 513 666 545 operam
690 501 755 539 dat,
787 507 822 532 ut
847 512 897 533 res
922 511 1000 543 quas
1026 504 1131 531 narrat
1155 510 1248 542 quam
1274 500 1430 531 maximas
1456 505 1488 531 et
1513 500 1704 531 clarissimas
1737 501 1860 539 efferat,
1891 507 1924 532 et

123 556 206 588 hanc
229 556 270 588 ob
301 567 366 589 rem
395 567 495 599 pauca
526 566 597 598 quae
628 566 703 587 vera
734 555 833 586 videri
864 559 1000 597 possunt
1034 553 1205 585 mendaciis
1237 558 1268 583 et
1299 553 1486 584 commentis
1518 553 1701 586 circumdat.
1750 554 1924 590 Quomodo

123 609 275 651 dialogus
298 614 454 642 venustus
479 610 523 647 fit,
549 619 629 644 cum,
654 610 679 640 si
705 619 755 640 res
779 608 872 639 nudae
897 608 1125 649 proferrentur,
1151 617 1208 638 nos
1232 607 1360 637 minime
1377 606 1620 638 delectaremur.
1657 607 1729 639 Hoc
1755 619 1826 639 esse
1850 619 1924 640 con-

123 663 229 696 silium
254 663 389 695 Luciani
421 664 484 694 iam
514 662 587 694 inde
617 662 768 703 cognosci
800 666 919 703 potest,
953 660 1037 702 quod
1063 659 1199 691 Toxaris
1227 660 1289 690 iam
1314 660 1406 690 initio
1434 659 1554 700 dialogi
1579 660 1763 692 obtestatur
1786 661 1925 702 Scythas

124 725 189 748 non
213 715 327 748 eodem
351 715 446 747 modo
471 725 534 757 quo
560 715 662 746 Gne-i
687 713 791 744 verbis
818 718 944 744 tantum
975 714 1030 744 scd
1065 713 1154 744 factis
1184 713 1303 744 amicos
1338 723 1372 743 se
1403 712 1544 754 praebere
1574 719 1673 755 atque
1707 719 1774 746 tum
1806 715 1923 747 iterum

123 772 221 812 atque
250 769 368 801 iterum
399 769 558 811 promittit
592 778 626 799 se
660 767 894 808 simplicissime
927 772 1127 798 narraturum
1159 776 1241 801 esse,
1277 766 1428 807 quoniam
1461 766 1538 797 talia
1569 766 1629 797 sibi
1662 767 1820 799 narranda
1851 769 1926 806 sint,

122 822 232 866 qualia
255 822 402 854 omnibus
427 821 607 853 hominibus
632 820 833 852 admirationi
859 821 936 859 sint;
969 820 1028 851 sibi
1054 820 1182 862 quidem
1208 819 1265 850 hac
1291 819 1330 850 de
1362 830 1459 850 causa
1489 820 1599 851 multis
1624 820 1730 852 verbis
1754 831 1818 852 non
1844 832 1925 864 opus

123 885 207 908 esse.
252 875 426 913 (Censet-ns
450 887 474 906 c.
501 876 529 914 9,
554 885 617 917 quo
644 875 713 906 loco
739 873 876 905 'l'oxaris
900 873 937 904 ad
963 873 1164 915 Mnesippuin
1188 873 1253 904 haee
1278 872 1368 904 dicit:
1415 871 1455 902 δτι
1485 872 1516 902 δὲ
1540 871 1566 902 οἱ
1596 874 1673 915 χείλη.
1704 873 1820 904 Xanthi
1853 876 1927 906 πολὺ

122 931 284 969 πιστότερα
307 933 361 959 τῶν
385 927 535 970 'timpum
559 928 650 970 φίλων
676 925 728 957 33:3².
752 928 803 956 καὶ
827 925 868 957 ὅτι
892 926 996 956 πλείων
1021 927 1222 967 coelum-‚103
1248 923 1315 966 παρ’
1332 924 1400 966 ἡμῖν
1424 925 1443 966 ἦ
1468 924 1536 966 παρ’
1553 924 1627 967 ὒμλν,
1651 925 1750 967 ῥᾴδιον
1775 926 1924 964 ἐπιδεῖξαι,

123 981 160 1015 C.
177 979 226 1014 ’25
251 982 325 1024 πλὴν
350 981 476 1022 ἄρξομαί
499 993 530 1019 γε
554 979 621 1022 ᾔδη’
648 980 738 1022 μηδὲν
761 979 858 1019 ὥςπερ
884 980 917 1009 τ’)
940 979 1238 1020 καὶά.ῐ).ῡγηπάμενῦς.
1279 979 1314 1010 C.
1338 980 1379 1010 42
1403 981 1498 1010 mimz
1522 978 1578 1019 ἐγὼ
1610 982 1662 1021 μέν
1695 991 1737 1011 302
1767 984 1872 1023 Τηινὸν
1895 985 1926 1013 τὸ

122 1034 206 1077 ἔργον
229 1035 422 1078 διηγησάμην·
448 1033 472 1065 εἱ
496 1035 527 1064 δὲ
552 1036 586 1065 τ’)
610 1045 670 1064 τινα
695 1037 821 1064 τοιοῦτον
846 1033 952 1072 ἔλεγες,
987 1030 1016 1062 εὖ
1047 1031 1121 1063 οἶδα..
1153 1031 1249 1062 ὁπόσα
1279 1031 1311 1062 ἂν
1343 1034 1444 1073 καμᾲἀ
1473 1031 1664 1074 ἐγκατέμιξας
1696 1039 1735 1074 τῷ
1758 1035 1848 1075 λόγῳ,
1877 1034 1927 1066 032

122 1087 247 1120 ἱκέτευεν
271 1087 287 1119 ὁ
311 1088 460 1129 Δάνδαμις
484 1089 535 1118 καὶ
560 1086 602 1122 ὡς
626 1086 781 1129 {euplo-330
804 1088 855 1116 καὶ
882 1086 898 1116 Ξ
923 1085 981 1116 εἰπε
1006 1088 1057 1116 mfi.
1081 1085 1120 1120 ὡς
1137 1085 1265 1128 ἐπανῆκε
1281 1088 1331 1116 καὶ
1348 1085 1388 1120 ὡς
1403 1084 1575 1121 &messam-tr,
1592 1085 1676 1118 αὐτὸν
1692 1086 1928 1131 ἐπεψςῃμοῦντες

123 1141 151 1174 οἱ
181 1141 298 1173 >lx-'2³22
327 1143 379 1172 καὶ
410 1141 487 1172 ἄλλα
517 1140 606 1172 ὁποῖα
636 1139 718 1182 ν’)μεῐς
742 1143 938 1182 μηχανᾶσθαι
962 1139 1086 1170 εἰώθατε
1118 1142 1189 1180 πρὸς
1213 1143 1262 1181 τῂν
1292 1139 1460 1179 &apina-1.)
1507 1140 1731 1178 Nihilominus,
1766 1143 1850 1184 quod
1883 1143 1923 1174 G.

122 1196 302 1228 rectissime
325 1195 399 1227 diss.
423 1207 452 1237 p.
478 1196 518 1226 27
544 1195 686 1230 adnotat.
712 1196 813 1226 oratio
834 1193 960 1234 Scythae
985 1204 1003 1224 a
1019 1194 1121 1225 Graeci
1146 1194 1296 1225 oratione
1319 1194 1449 1225 minime
1473 1193 1599 1225 diversa
1625 1199 1684 1226 est.
1722 1195 1794 1226 Non
1820 1196 1925 1228 minus

122 1259 219 1294 quam
243 1249 375 1281 Graecus
408 1259 469 1285 res,
501 1259 579 1291 quas
610 1256 728 1285 narrat„
762 1258 883 1289 augere
915 1253 947 1278 et
980 1257 1136 1278 exornare
1166 1247 1276 1278 studet
1306 1257 1409 1289 neque
1444 1248 1511 1278 eius
1536 1248 1737 1279 narrationes
1763 1248 1926 1281 breviores

122 1307 199 1335 sunt
223 1313 318 1345 quam
344 1302 456 1334 Grmei.
503 1301 626 1336 Omnia,
658 1312 728 1343 qua*
754 1301 791 1332 G.
818 1311 890 1343 pag.
916 1302 956 1331 27
982 1300 1020 1331 de
1046 1299 1162 1341 Scytha
1188 1301 1400 1343 grandiloquo
1425 1308 1458 1332 ct
1484 1302 1609 1344 loquaci
1637 1302 1722 1335 dicit.
1753 1313 1830 1334 vera
1855 1314 1928 1335 esse

122 1359 213 1399 puto.
238 1374 280 1379 —-
303 1355 418 1387 Nonne
442 1355 540 1396 igitur
563 1360 695 1397 apparet
722 1355 896 1386 Lucianum
922 1355 1001 1386 nihil
1034 1355 1118 1387 aliud
1153 1365 1259 1397 agere,
1289 1355 1349 1386 nisi
1381 1359 1415 1386 ut
1445 1355 1553 1386 libello
1585 1366 1644 1387 suo
1671 1356 1868 1388 oblectemur
1893 1364 1926 1389 et

122 1420 196 1442 cum
229 1409 350 1452 gaudio
378 1409 503 1440 fabulas
534 1409 704 1447 legamus?
753 1408 883 1440 Minime
913 1409 981 1439 vult
1014 1419 1072 1440 nos
1104 1410 1210 1439 omnia
1240 1419 1274 1440 ie
1299 1419 1373 1439 vera
1403 1408 1448 1439 ita
1478 1409 1562 1439 sacta
1591 1419 1663 1440 esse
1692 1414 1727 1441 ut
1756 1415 1928 1442 narrantur

122 1467 246 1507 putare.
271 1464 388 1495 amicos
413 1463 482 1494 illos
507 1463 765 1504 praeclarissimos
791 1461 936 1493 admirari
961 1461 1141 1503 dignosque
1164 1472 1245 1504 quos
1270 1462 1431 1492 imitemur
1461 1461 1587 1493 ducere.
1636 1462 1741 1494 Multa
1769 1474 1847 1495 vero
1877 1464 1928 1496 hic

124 1516 164 1549 G.
187 1517 333 1558 protulit,
365 1515 480 1558 quibus
507 1516 655 1546 assentiri
679 1526 738 1546 nos
763 1525 894 1546 necesse
920 1519 978 1549 est,
1004 1515 1058 1545 sed
1083 1520 1207 1545 tantum
1233 1514 1334 1549 abest,
1365 1518 1401 1545 ut
1434 1525 1472 1545 ea
1501 1525 1572 1557 quae
1602 1515 1675 1547 inde
1705 1517 1928 1549 concludenda

123 1579 197 1603 esse
230 1569 291 1602 sibi
326 1570 487 1612 persuasit
523 1574 620 1610 atque
644 1579 715 1611 quse.
740 1579 806 1600 rem
840 1578 936 1610 porro
969 1573 1109 1599 tractans
1143 1567 1253 1599 scribit
1285 1567 1458 1610 probanda,
1494 1573 1531 1599 ut
1563 1574 1675 1600 contra
1709 1569 1794 1601 haud
1824 1581 1926 1613 pauca

122 1623 300 1656 refellenda
324 1622 500 1654 videantur.

287 1676 321 1707 ln
346 1676 484 1715 singulis
508 1676 590 1706 enim
616 1675 800 1706 enarrandis
825 1676 926 1706 multa
944 1686 1017 1706 esse
1039 1678 1168 1717 peccata
1194 1674 1232 1705 G.
1256 1674 1411 1706 videntur.
1447 1674 1523 1706 Jam
1548 1676 1657 1717 prima*
1679 1677 1928 1708 narratiunculae

124 1729 258 1762 offendit
282 1730 314 1761 in
339 1728 444 1760 verbis
473 1728 516 1766 (c.
544 1729 599 1766 1⁸2)
629 1731 718 1768 μόνος
749 1726 808 1769 μετ’
841 1727 957 1758 ἐκείνων
988 1727 1122 1769 {raiginis
1150 1728 1305 1757 λανθάνειν
1335 1730 1512 1769 πειρώμενος
1543 1731 1589 1759 τὸν
1614 1726 1822 1768 ’,Χ-ςιῦοκὶέι.
1857 1741 1930 1770 quse

123 1787 306 1826 repugnent
338 1783 383 1814 eis
418 1791 487 1823 quae
519 1787 614 1812 antea
642 1781 729 1813 dicta
761 1782 824 1813 sint
858 1781 1072 1822 Agathoclem
1104 1792 1122 1812 a
1151 1781 1246 1812 Dinia
1279 1792 1342 1812 non
1376 1781 1474 1823 pluris
1505 1783 1698 1813 {estimatum
1731 1793 1804 1814 esse
1830 1794 1926 1825 quam

123 1840 251 1868 ceteros
274 1834 470 1867 adulatores.
517 1834 611 1865 Hunc
636 1834 740 1866 locum
765 1835 834 1866 iure
863 1836 985 1866 moneri
1017 1845 1035 1865 a
1060 1835 1098 1867 G.
1130 1845 1192 1866 non
1224 1839 1314 1877 puto.
1360 1835 1559 1876 Agathocles
1593 1840 1626 1866 et
1658 1835 1770 1868 Dinias
1803 1836 1877 1868 inde
1910 1847 1930 1868 a

122 1889 233 1933 pueris
256 1888 441 1920 amicissimi
470 1892 577 1927 erant3
610 1887 801 1920 adulescens
833 1894 939 1919 autem
965 1887 1078 1919 Dinias
1106 1888 1242 1919 luxuria·
1271 1899 1342 1919 eum
1374 1888 1535 1920 nonnullis
1567 1889 1637 1921 aliis
1669 1889 1929 1922 adulescentibus

123 1952 160 1975 se
183 1942 260 1974 dare
283 1942 378 1984 coepit
401 1945 434 1973 et
457 1941 543 1972 inter
566 1941 711 1972 convivia
735 1941 907 1972 amicitiam
933 1941 1122 1983 Agathoclis
1154 1941 1274 1972 oblitus
1302 1941 1384 1973 hunc
1415 1952 1479 1973 non
1511 1943 1572 1973 iam
1596 1943 1695 1984 pluris
1720 1942 1807 1974 ducit
1833 1954 1929 1985 quam

124 2000 331 2039 compotores
355 2005 447 2033 suos;
470 1995 566 2026 immo
591 2005 667 2025 vero
693 2005 763 2026 eum
788 1994 988 2035 Agathocles
1013 1995 1143 2036 incipiat
1168 1994 1295 2026 Diniam
1322 1995 1505 2031 admonere,
1538 2000 1573 2027 ut
1601 1995 1642 2027 ab
1674 1995 1724 2027 his
1750 1995 1929 2028 libidinosis

125 2048 345 2091 voluptatibus
369 2047 531 2079 abstineat
554 2057 658 2089 neque
682 2047 811 2079 divitias
836 2058 855 2078 a
879 2053 970 2088 patre
995 2058 1065 2079 cum
1090 2047 1199 2079 labore
1225 2053 1331 2090 partas
1356 2053 1422 2079 tam
1447 2054 1568 2080 temere
1593 2049 1746 2084 effundat,
1772 2049 1822 2081 hic
1846 2050 1926 2081 ami·

123 2112 197 2135 cum
220 2112 324 2139 suum,
347 2106 384 2133 ut
406 2102 558 2132 molestas
582 2101 828 2133 adhortationes
855 2101 1000 2142 effugiat,
1025 2100 1134 2132 evitat.

285 2155 398 2195 Neque
421 2155 526 2186 minus
551 2165 613 2185 non
638 2154 732 2196 plane
756 2154 921 2197 probanda
946 2153 1103 2192 videntur,
1133 2164 1203 2195 quae
1229 2154 1268 2186 G.
1291 2154 1405 2185 deinde
1431 2153 1515 2186 dicit.
1561 2154 1645 2186 Tum
1675 2155 1782 2192 etiam.
1815 2155 1930 2197 inquit,

126 2208 188 2241 hoc
208 2209 316 2251 inepte
340 2208 448 2239 fictum
480 2211 540 2244 est,
574 2207 660 2249 quod
691 2208 822 2250 parasiti
853 2207 883 2239 id
914 2207 1078 2239 studuisse
1108 2212 1289 2243 narrantur,
1323 2212 1358 2238 ut
1389 2218 1499 2238 amore
1531 2207 1707 2248 OEiaricleae
1739 2206 1850 2239 Dinias
1882 2209 1930 2240 in-

125 2261 331 2299 cameratum
362 2271 434 2292 nam
458 2270 529 2292 cum
553 2270 664 2292 eorum
688 2261 870 2299 interesset,
902 2264 938 2292 ut
967 2261 1027 2302 ipsi
1052 2271 1147 2301 quam
1173 2261 1329 2292 maximas
1354 2260 1394 2291 ab
1419 2270 1457 2292 eo
1484 2260 1606 2302 praedas
1639 2261 1792 2299 facerent,
1827 2261 1930 2293 stulte

124 2313 274 2357 agebant,
304 2313 331 2345 si
361 2313 481 2345 sociam
505 2313 584 2344 lucri
606 2314 693 2345 ultro
725 2314 921 2355 quaerebant.
968 2313 1031 2345 Sed
1056 2314 1109 2346 vix
1140 2315 1242 2345 stulte
1273 2319 1411 2356 egerunt
1446 2314 1629 2346 adulatores
1662 2314 1708 2346 illi
1741 2314 1802 2346 hoc
1833 2314 1930 2346 modo

124 2377 239 2400 causas
269 2377 344 2399 suas
377 2377 449 2399 cum
479 2365 644 2399 Chariclen
676 2368 963 2408 communicantes5
999 2377 1072 2398 nam
1105 2367 1169 2399 iam
1203 2367 1341 2399 maiores
1374 2367 1500 2410 prmdas
1532 2377 1630 2407 agere
1661 2371 1800 2408 possunt
1832 2378 1932 2409 quam
