2010 2675
49 149 86 180 18

204 244 314 277 Verba
338 255 363 276 c.
388 245 425 275 61
453 244 504 273 καὶ
529 241 608 284 ἔφθη
632 241 805 274 &zizaniam
828 237 901 269 md*
927 239 943 270 r:
959 239 1080 281 μηδέπω
1097 239 1204 273 τελέως
1220 237 1403 268 ἀπεκέκαυτο
1419 235 1474 268 ὕπὸ
1490 241 1540 268 τοῦ
1554 239 1647 277 πυρός
1661 235 1843 268 Jacobitius

45 300 89 332 ita
112 299 342 341 interpretatus
367 301 430 328 est:
472 296 596 337 „erupit
629 305 667 326 ea
694 298 785 336 parte
819 293 912 331 domi,
947 303 1009 334 qua
1037 303 1076 324 ea
1106 291 1246 324 nondum
1274 292 1369 334 plane
1399 290 1545 322 incendio
1570 289 1678 321 deleta.
1701 289 1841 321 fuerat“.

46 353 127 390 Quae
151 351 375 394 interpretatio
400 349 437 381 G.
462 359 525 380 non
550 347 718 390 probatur3
743 357 817 378 nam
842 347 868 377 si
893 347 938 377 ita
961 347 1217 388 interpretemur,
1241 344 1447 376 statuendum
1471 353 1543 374 esse
1567 343 1708 384 reliquas
1730 346 1842 384 partes

45 407 129 438 domi
153 406 214 437 iam
239 404 333 447 plane
357 402 502 434 incendio
527 401 650 432 deletas
675 410 745 431 esse
771 404 802 431 et
826 400 870 430 ita
894 399 1068 429 mirandum
1101 409 1172 430 esse
1203 398 1321 429 amicos
1352 397 1385 428 in
1413 396 1508 427 domo
1533 395 1678 426 incendio
1702 395 1842 426 maxima

45 470 86 492 ex
110 463 200 501 parte
224 458 317 500 plane
342 456 449 487 deleta
473 456 616 495 integros
642 453 806 484 mansisse.
855 451 1021 493 Equidem,
1045 452 1162 493 pergit,
1186 461 1226 481 ne
1250 451 1310 481 hoc
1335 449 1460 491 quidem
1484 449 1647 490 intellego,
1675 447 1838 490 quomodo

45 514 170 545 minore
194 522 266 542 curn
289 509 431 552 periculo
457 507 629 538 Abauchas
655 517 693 536 ea
715 511 807 548 parte
837 505 950 536 domus
979 505 1129 547 eruperit,
1164 514 1234 545 quae
1265 503 1408 534 incendio
1441 502 1583 534 nondum
1609 502 1703 543 plane
1734 501 1843 532 deleta

46 567 154 604 fuerit,
179 574 249 605 quae
272 564 372 604 igitur
396 566 463 592 tum
488 561 627 591 maxime
652 558 817 600 flagrabat,
843 568 936 598 quam
962 568 1008 595 ea,
1043 568 1113 597 quae
1144 557 1289 588 incendio
1318 556 1380 587 iam
1412 559 1482 587 tota
1513 559 1703 596 consumpta
1735 555 1842 585 fuerit.

45 620 124 651 Haec
151 618 257 649 omnia
281 619 368 647 recte
391 625 410 645 a
435 614 471 645 G.
497 613 650 644 adnotata
674 622 780 653 neque
801 610 954 642 Jacobitii
977 610 1278 652 interpretationem
1303 608 1498 651 probandam
1523 618 1604 647 esse,
1629 617 1738 638 omnes
1761 611 1842 649 puto

46 671 244 709 consentire;
268 668 340 700 inde
366 671 475 698 autem
500 666 606 708 putari
631 676 694 696 non
710 665 785 696 licet
803 664 899 694 verba
914 664 983 705 ipsa
1000 664 1138 694 maxime
1162 663 1326 704 implicata
1349 662 1401 693 vel
1424 660 1563 692 absurda
1588 671 1669 698 esse,
1693 660 1842 700 quoniam

47 724 210 766 Stephano
241 726 373 753 auctore
402 721 495 752 multi
528 720 590 750 loci
619 719 703 761 apud
734 718 903 759 scriptores
928 717 1056 748 Graecos
1090 717 1302 753 inveniuntur,
1335 714 1450 756 quibus
1477 713 1610 745 verbum
1641 712 1844 743 ἀποκαίεςθαι

45 778 129 810 idem
154 778 238 808 valet
264 774 349 816 quod
377 774 520 813 „aduri“;
555 783 618 814 qua
641 771 877 812 significatione
902 770 1045 801 exhibita
1079 770 1167 800 locus
1196 769 1290 810 plane
1322 768 1440 798 nullam
1473 766 1679 797 offensionem
1710 765 1842 808 praebet.

207 828 377 860 Subtiliter
411 827 448 858 G.
473 833 580 857 monet
609 824 706 856 verba
738 823 882 855 eiusdem
914 823 1026 863 capitis
1060 821 1136 852 ἀλλὰ.
1167 821 1273 854 παῖδας
1305 822 1354 861 μὲν
1383 821 1435 849 καὶ
1464 817 1552 854 αὗθις
1582 820 1765 860 affinem-2
1794 830 1844 860 μοι

46 882 146 925 ῥᾴδιον
168 884 220 913 καὶ
246 881 352 923 ἄδηλον
379 878 402 910 εἰ
427 879 536 916 ἀγαθοὶ
561 878 674 908 ἕπονταί
698 875 783 908 οὗτοι.
830 877 908 908 Haec
931 877 1040 916 potius
1065 887 1124 906 sua
1148 875 1308 906 sententia
1338 874 1432 905 scribi
1463 873 1605 915 oportuit
1635 871 1712 902 ἀλλὰ
1741 872 1843 906 παῖδες

47 939 98 979 μὲν
123 935 147 966 εἰ
170 935 280 975 ἀγαθοὶ
304 934 413 964 ἕποιτο
438 932 556 974 ἄδηλον.
580 933 631 961 καὶ
656 930 765 964 ἅβρας
791 927 877 963 αὖῦιζ
902 930 1083 970 ποιήτατῦαί
1109 939 1157 969 μοι
1181 926 1288 967 ῥᾴδιον.

205 988 279 1020 Jam
309 987 348 1018 ad
379 987 472 1017 finem
506 985 711 1025 Guttentagii
740 983 973 1014 dissertationis
1003 982 1215 1024 pervenimus.
1263 980 1359 1012 Certe
1389 979 1482 1011 nobis
1514 979 1751 1010 concedendum
1784 984 1844 1017 est,

46 1043 131 1075 haud
155 1053 258 1085 pauca
281 1040 415 1073 inveniri
438 1041 468 1070 in
493 1039 633 1079 dialogo,
663 1047 732 1078 quae
757 1037 860 1067 minus
883 1036 1009 1077 placent
1034 1045 1137 1075 neque
1163 1034 1270 1065 omnia
1295 1043 1364 1074 quae
1388 1033 1539 1074 leguntur
1563 1032 1656 1062 facile
1680 1033 1844 1074 intellegi3

46 1096 103 1128 sed
129 1094 290 1136 quomodo
315 1103 440 1135 cunque
464 1102 515 1122 res
539 1101 574 1122 se
599 1090 705 1129 habet,
730 1090 864 1120 multum
889 1089 989 1127 abest,
1015 1094 1050 1119 ut
1076 1088 1291 1128 Guttentagio
1317 1087 1536 1123 assentiamus,
1569 1091 1605 1116 ut
1628 1090 1740 1116 eontra
1768 1097 1843 1117 eon-

46 1149 134 1181 tendi
158 1149 253 1180 licere
276 1152 434 1189 putemus,
463 1144 503 1176 ab
527 1144 655 1174 homine
679 1143 767 1173 nullo
793 1142 944 1173 Toxarim
968 1142 1111 1183 spurium
1136 1151 1207 1171 esse
1231 1140 1431 1181 argumentis
1456 1138 1494 1169 ad
1519 1138 1720 1180 probandum
1745 1139 1844 1170 firmis

46 1203 109 1234 iam
133 1202 391 1232 demonstratum
415 1208 497 1229 esse.
543 1196 758 1227 Difficultates
784 1196 809 1227 si
834 1206 904 1237 quac
928 1195 988 1226 iam
1014 1199 1126 1225 extant
1151 1194 1210 1225 hoc
1233 1194 1264 1224 in
1292 1192 1412 1231 libello,
1443 1202 1462 1222 a
1486 1192 1561 1222 viris
1586 1191 1688 1222 doctis
1714 1191 1784 1223 fore
1809 1196 1846 1223 ut.

46 1256 216 1287 solvantur
240 1263 415 1295 speremus.

206 1306 342 1338 Constat
368 1305 493 1345 quidem
519 1303 651 1335 Luciani
673 1303 831 1333 rationem
856 1301 1091 1343 grammaticam
1124 1301 1240 1331 multas
1270 1300 1301 1330 in
1331 1302 1437 1341 partes
1470 1309 1488 1329 a
1511 1299 1636 1329 ratione
1660 1298 1844 1330 Atticorum

48 1362 244 1402 discrepare,
279 1358 363 1401 quod
395 1359 456 1389 iam
489 1360 563 1388 ante
595 1356 775 1397 complures
807 1365 907 1385 annos
943 1353 994 1384 Du
1024 1353 1190 1384 Mesnilius
1227 1354 1505 1390 commentatione,
1541 1360 1610 1391 quae
1645 1351 1844 1382 inscribitur.-

51 1413 297 1453 „Grammatica‚
332 1422 426 1453 quam
455 1411 616 1441 Lucianus
644 1410 675 1440 in
709 1409 834 1450 scriptis
866 1408 931 1438 suis
962 1413 1092 1438 secutus
1126 1413 1184 1441 est,
1216 1407 1297 1437 ratio
1327 1416 1398 1436 cum
1430 1405 1636 1445 antiquorum
1660 1404 1843 1436 Atticorum

46 1468 174 1499 ratione
197 1466 420 1506 comparatur*
450 1469 482 1494 et
507 1474 609 1504 nuper
632 1461 684 1492 W.
710 1461 886 1492 Schmidius
918 1460 996 1491 libro
1036 1459 1120 1496 „Der
1145 1460 1333 1490 Attia-ismus
1362 1459 1394 1489 in
1418 1459 1529 1489 seinen
1552 1457 1845 1500 Hauptvertretern

47 1531 109 1551 von
133 1519 310 1559 Dionysius
336 1528 396 1548 von
414 1517 621 1547 Halicarnass
647 1515 695 1545 bis
721 1515 780 1545 auf
801 1514 862 1544 den
887 1514 1022 1544 zweiten
1040 1513 1276 1543 Philostratus*
1306 1521 1509 1552 summopere
1533 1510 1845 1542 demonstraverunt.

47 1572 210 1605 Nonnulla
234 1571 285 1602 hic-
311 1569 540 1606 adscribantur,
565 1578 635 1609 quae
659 1568 690 1598 hi
716 1568 775 1598 viri
798 1567 884 1597 docti
909 1577 926 1597 e
949 1565 1112 1597 Toxaride
1138 1570 1338 1596 monuerunt.

209 1624 360 1655 Aoristus
385 1623 551 1664 gnomicus
570 1621 620 1652 Du
637 1621 788 1652 Mesnilio
815 1625 898 1651 teste
923 1619 1007 1662 apud
1024 1619 1201 1649 Lucianum
1225 1629 1368 1661 persmpe
1391 1618 1562 1655 invenitur,
1587 1627 1650 1658 quo
1671 1616 1845 1658 scriptores

1796 1669 1822 1678 xx

49 1679 139 1711 attici
162 1688 234 1709 raro
259 1676 442 1708 utebantur.
488 1676 610 1706 Praeter
634 1675 752 1705 multos
777 1674 856 1704 alios
882 1674 968 1704 locos
993 1672 1043 1703 Du
1070 1672 1237 1703 Mesnilius
1262 1672 1396 1702 adnotat
1430 1671 1524 1701 etiam
1549 1669 1631 1701 Tox.
1656 1670 1697 1700 48
1729 1667 1844 1699 ἑπειωιν

48 1731 203 1773 ἀδικηθείς
226 1741 268 1764 τις
292 1732 364 1770 πρὸς
389 1728 486 1769 ἑτέρω
512 1728 684 1770 &uuum-“Me
708 1727 888 1768 βουλόμενος
911 1726 958 1766 ἴδῃ
986 1723 1058 1755 καθ’
1086 1723 1185 1754 sorni-1
1216 1722 1269 1754 οὖν.
1301 1723 1464 1765 ἀξιόμαχος
1487 1722 1535 1759 ὤν,
1562 1724 1629 1762 βοῦν
1654 1720 1787 1762 {spansa-T
1810 1723 1848 1751 τὰ

48 1787 100 1827 μὲν
124 1786 198 1825 κρέα.
221 1786 395 1824 κατακόψας
419 1782 537 1824 ἦῷηῦεν,

209 1836 390 1879 Saepissime
414 1836 577 1867 Lucianus
601 1834 757 1866 infinitivo
782 1832 917 1875 perfecti
940 1842 997 1874 pro
1024 1831 1182 1862 infinitivo
1216 1830 1382 1873 prsrsentis
1412 1829 1512 1860 utitur
1540 1833 1614 1870 post
1641 1828 1738 1860 verba
1761 1829 1845 1868 volo,

51 1894 189 1934 oportet,
213 1890 306 1921 decet
332 1890 467 1930 aliaque,
492 1899 587 1931 quem
611 1887 648 1918 ad
674 1898 767 1918 usum
792 1886 979 1917 Latinorum
1007 1885 1154 1924 exemplo
1180 1883 1337 1914 adductus
1363 1893 1434 1914 esse
1458 1881 1510 1912 Du
1535 1881 1682 1912 Mcsnilio
1707 1881 1845 1912 videtur.

49 1944 101 1975 Ex
124 1943 287 1975 Toxaride
311 1953 335 1974 c.
360 1944 400 1973 62
426 1941 524 1973 verba
547 1940 731 1972 adnotanda.
755 1947 843 1970 sunt:
875 1937 932 1979 ἤδη
961 1937 992 1967 δὲ
1020 1939 1125 1977 καιρὸς
1156 1935 1189 1966 ἂν
1219 1935 1262 1977 εἴη
1287 1938 1453 1976 κεκρίτῦαῑ,
1483 1933 1620 1974 ὁπότερον
1645 1933 1726 1975 ἡμῶν
1751 1933 1770 1975 ἢ
1794 1935 1845 1976 τὴν

48 1998 175 2036 γλῶτταν
199 1995 218 2038 ἢ
241 1999 290 2038 τὴν
314 1995 407 2030 δεξιὰν
432 1993 652 2035 ἀποτετμῆσθαι
677 1993 746 2022 δέοι.
773 2001 835 2033 qno
861 1991 899 2022 de
923 1991 992 2022 loco
1016 1990 1079 2021 iam
1104 2000 1201 2032 supra
1225 1989 1345 2020 dictum
1370 1994 1429 2019 est.

207 2049 258 2080 De
281 2048 448 2080 modorum
473 2047 626 2089 imprimis
651 2046 691 2077 de
715 2045 849 2087 optativi
878 2054 939 2075 usu
963 2043 1015 2074 Du
1040 2043 1208 2074 Mesnilius
1237 2047 1269 2073 et
1294 2041 1474 2072 Schmidius
1507 2041 1608 2071 multa
1640 2043 1846 2071 monuerunt.

48 2104 99 2135 Ex
122 2103 282 2134 Toxaride
306 2100 486 2133 adnotanda
509 2104 584 2131 sunt
607 2099 704 2130 verba
727 2109 751 2129 c.
777 2099 830 2128 37:
854 2101 935 2126 τοῦτο
959 2095 1044 2138 ἡμεῖς
1069 2094 1114 2125 ἐπὶ
1139 2101 1191 2125 τῶν
1215 2096 1305 2136 ‘fos-w
1331 2099 1420 2124 ποεῖν
1446 2093 1579 2134 ἀξιοῦμεν
1605 2117 1610 2123 .
1637 2117 1643 2123 .
1671 2117 1676 2123 .
1704 2117 1710 2123 .
1735 2091 1777 2126 ὡς
1801 2094 1843 2134 μὴ

48 2157 290 2197 διαμαρτάνοιμξν
314 2159 364 2195 τῆς
389 2154 487 2195 φιλίας
512 2153 586 2194 μηδὲ
612 2151 773 2192 ἀπόβλητοι
797 2150 926 2190 δόξωμεν
950 2148 1028 2179 εἶναι.
1066 2149 1180 2179 Plures
1197 2158 1293 2189 quam
1310 2147 1540 2188 quinquaginta
1558 2147 1645 2177 loc-os
1665 2145 1845 2177 Schmidius

50 2209 224 2248 adnotavit,
250 2207 364 2248 quibus
390 2207 506 2238 eodem
530 2205 625 2237 modo
651 2205 816 2247 optativus
841 2211 897 2245 pro
923 2202 1127 2234 eoniunctivo
1153 2205 1333 2242 usurpatur.
1369 2200 1532 2230 Praeterea
1547 2200 1579 2230 hi
1594 2199 1654 2230 loci
1671 2198 1844 2230 Toxnridis

49 2262 198 2294 monendi
228 2265 313 2300 sunt,
343 2260 456 2301 quibus
489 2259 650 2301 optativus
682 2268 747 2288 non
778 2257 860 2288 bene
891 2255 1051 2286 exhibitus
1084 2259 1148 2285 est:
1176 2265 1201 2285 e.
1237 2256 1290 2292 113
1323 2254 1380 2291 243
1412 2254 1464 2283 52.
1510 2251 1735 2292 Compluribus
1766 2252 1845 2282 locis

51 2315 231 2346 Lucianum
253 2318 328 2356 post
350 2313 539 2355 particulam
565 2310 588 2342 εἰ
611 2311 848 2343 coniunctivum
872 2308 1036 2350 scripsisse
1061 2307 1113 2338 Du
1137 2306 1304 2338 Mesnilius
1330 2316 1360 2347 p.
1384 2306 1425 2336 23
1448 2304 1550 2336 docet.
1595 2304 1669 2335 Huc
1692 2307 1845 2346 spectant

50 2368 155 2407 verba,
181 2378 250 2408 quze
274 2370 389 2398 extant
412 2365 494 2397 Τοῖς.
523 2366 538 2396 7
566 2363 589 2394 εἰ
613 2364 643 2394 δέ
666 2375 691 2393 τι
714 2364 766 2392 καὶ
789 2364 891 2403 μικρὸν
916 2372 939 2391 τι
963 2359 1132 2400 {nazaraeo-rr,
1159 2358 1264 2393 αὐτοῖς.

209 2419 390 2462 Saepissime
414 2428 470 2461 pro
485 2416 518 2448 οἳ)
534 2418 709 2449 Lucianum
725 2418 763 2458 μή
783 2415 968 2447 exhibuisse
992 2418 1025 2445 et
1041 2424 1059 2445 a
1075 2412 1232 2444 Schmidio
1258 2416 1290 2444 et
1316 2421 1335 2442 a
1355 2410 1407 2442 Du
1424 2410 1571 2442 Mesnilio
1587 2409 1844 2442 demonstratum
